2932 5114
371 378 516 427 nisconso
541 378 671 425 ττττοττο
696 380 706 425 τ
731 377 971 427 animuum.
1210 365 1255 427 iiii

87 506 215 565 servata
240 501 273 565 ia
293 518 356 565 sua
379 517 573 582 grossezza,
602 517 620 560 e
649 499 829 563 crescendo
851 501 940 574 due,
968 506 1102 580 quanm
1124 519 1142 563 e
1165 502 1251 564 dieci

88 609 171 673 volte
193 608 226 673 ia
250 627 310 674 sua
334 607 523 692 superficig,
546 624 567 670 ο
591 606 815 671 soemandoia·
830 609 881 671 eol
910 607 1073 672 divideria
1098 609 1130 672 in
1154 616 1254 690 quat·

88 725 150 795 tro,
171 737 195 783 0
218 719 282 795 sei,
305 737 325 783 ο
349 719 455 792 venti,
478 734 497 781 e
519 721 617 781 cento
640 719 742 798 parti,
764 734 893 799 sempre
917 713 1042 781 τεειττὲτ
1064 719 1117 781 nei
1142 719 1255 782 mede·

86 827 168 893 simo
192 826 293 891 modo
315 844 336 890 a
358 826 470 909 galim
494 842 549 888 ma
571 842 606 888 se
630 825 658 889 si
680 819 832 889 cresconi
850 825 921 888 solo
938 842 983 888 un
999 826 1127 906 capello
1147 826 1178 889 la
1194 845 1254 890 sua

86 953 418 1019 grossezza,.sempre
433 937 460 999 si
478 932 687 1016 profunderi,
710 935 843 1015 quando
866 937 948 998 bene
972 935 1004 998 ia
1027 935 1203 1016 superficie
1228 939 1255 1000 si

87 1047 327 1128 multiplicasse
350 1063 408 1128 per
429 1051 526 1109 cento
549 1062 567 1107 e
589 1050 686 1107 cento
710 1045 808 1107 volte.
839 1043 907 1109 Ora
930 1045 1258 1110 conciossiacosachi

86 1155 195 1236 quella
219 1157 271 1220 sia
291 1156 455 1239 magiona,
477 1154 510 1219 ia
532 1154 610 1235 quai
634 1159 728 1235 posta
751 1155 778 1217 si
803 1171 867 1234 pon
890 1153 910 1215 Ι·
925 1153 1059 1227 essem),
1082 1170 1101 1215 e
1125 1155 1206 1218 tolia
1231 1157 1258 1218 si

88 1265 209 1347 iogiie3
233 1281 252 1328 e
268 1283 326 1347 per
344 1281 495 1329 crescere
510 1283 531 1328 ο
547 1264 726 1327 diminuire
749 1265 783 1327 in
806 1263 997 1344 qualunque
1021 1266 1120 1328 modo
1142 1265 1174 1327 ia
1192 1266 1259 1328 iar-

88 1372 210 1455 ghezza
232 1391 251 1437 e
273 1373 479 1457 iunghezza‚
502 1391 567 1437 non
592 1373 620 1436 si
644 1390 728 1453 pone
750 1391 771 1439 o
795 1374 948 1439 rimuove
975 1373 996 1435 l’
1012 1374 1123 1437 offeiio
1150 1374 1182 1436 d'
1197 1392 1260 1437 an-

88 1478 166 1544 dare
188 1497 211 1545 ο
234 1497 302 1545 non
325 1480 450 1544 andare
481 1480 512 1543 ai
549 1480 671 1554 iond0;
703 1481 858 1561 adunque
882 1482 901 1543 l'
915 1482 1084 1563 ampiezza
1106 1500 1125 1544 e
1148 1484 1259 1563 picco-

90 1588 178 1653 lezza
193 1588 284 1654 delia
299 1588 474 1671 superficie
497 1607 563 1654 non
587 1589 699 1654 hanno
722 1591 838 1653 azione
862 1591 984 1655 alcuna
1003 1592 1093 1656 circa
1116 1592 1263 1656 Pandare
1375 1600 1377 1605 ’

89 1716 197 1763 onon
221 1699 345 1763 andare
368 1700 400 1763 ai
422 1699 531 1764 fondo.
554 1700 582 1763 E
604 1700 676 1769 che.
701 1706 795 1780 posia
819 1701 851 1762 la
874 1701 1090 1783 proporzione
1124 1702 1263 1766 deii'ai·

91 1814 181 1870 iezza
205 1804 401 1888 deil’argine
418 1806 604 1871 aii’altezza
621 1807 673 1871 dei
693 1808 798 1872 soiido
814 1808 867 1872 nel
885 1810 982 1873 modo
1001 1810 1035 1873 di
1050 1827 1146 1891 sopra
1165 1812 1265 1887 detto,

92 1917 121 1982 la
143 1917 331 1999 grandem
353 1935 374 1982 ο
397 1917 584 1999 piccolezza
606 1918 693 1982 della
716 1917 891 2000 superficie
914 1935 980 1982 non
1008 1918 1116 1983 faccia
1151 1923 1264 1985 varia-

94 2027 184 2091 zione
207 2025 341 2103 alcuna,
363 2021 382 2089 ὸ
404 2024 578 2089 manifesto
601 2025 644 2088 da
667 2025 778 2106 quello
801 2025 864 2088 che
887 2026 920 2088 di
944 2042 1043 2104 sopra
1065 2027 1093 2088 si
1117 2023 1135 2088 ὸ
1158 2027 1266 2091 dimo·

94 2140 207 2210 strato,
230 2152 249 2199 e
271 2136 315 2200 da
337 2142 467 2217 questo,
492 2134 554 2198 che
577 2135 588 2199 i
613 2136 728 2217 prismi
751 2152 770 2196 e
794 2136 804 2198 i
828 2133 961 2198 ciiindri
995 2134 1056 2198 che
1091 2136 1201 2198 hanno
1234 2136 1266 2200 la

95 2243 275 2308 modesima
297 2246 376 2309 base
397 2262 457 2309 son
479 2244 530 2309 ira
552 2244 586 2309 di
608 2245 680 2309 loro
701 2261 798 2309 come
820 2245 840 2308 Γ
854 2245 998 2308 aiiezze:
1021 2245 1107 2308 oncle
1135 2246 1145 2307 i
1169 2247 1267 2309 cilin-

96 2349 144 2414 dri
166 2368 188 2414 ο
212 2351 340 2433 prismi,
362 2345 435 2415 cio&
458 2351 488 2413 ie
511 2352 669 2415 tavoiette
692 2351 808 2434 grandi
828 2369 849 2414 ο
868 2352 993 2432 picoole
1015 2351 1067 2416 ch'
1081 2352 1143 2414 eiie
1166 2353 1268 2426 sieno,

97 2456 220 2543 purch&
242 2465 328 2525 tutte
350 2461 421 2526 sien
446 2460 477 2523 d’
489 2461 587 2541 agua}
611 2477 795 2543 grossam,
813 2460 925 2524 hanno
941 2462 973 2524 ia
992 2462 1173 2525 medesima
1192 2478 1268 2540 pm-

97 2570 251 2649 porzione
272 2567 328 2631 ali’
342 2569 416 2633 aria
439 2587 500 2655 τρε
522 2569 783 2645 conterminale,
806 2568 868 2631 ohe
890 2566 935 2630 ha
959 2585 1016 2650 per
1038 2569 1117 2632 base
1142 2569 1173 2632 ia
1198 2585 1268 2631 me·

97 2677 224 2743 ‹lesima
248 2677 422 2760 superficie
450 2660 536 2742 della
564 2677 745 2754 navalem,
780 2697 798 2740 e
832 2694 889 2759 per
913 2677 1039 2740 aitezza
1074 2678 1272 2759 i'argineiio

98 2786 304 2871 dell'aoqua,
327 2784 440 2853 siche
463 2806 592 2869 sempre
615 2789 648 2852 di
674 2789 738 2852 iaie
762 2789 835 2852 aria
869 2805 887 2848 e
924 2786 1011 2849 della
1048 2786 1209 2850 [avoletta
1241 2786 1269 2849 si

99 2916 326 2981 compongono
348 2901 359 2962 i
383 2899 504 2972 solidi,
527 2899 588 2961 ohe
616 2899 650 2961 in
680 2893 813 2980 gravit&
844 2897 1048 2979 pareggiano
1084 2913 1150 2960 una
1184 2895 1271 2958 mole

100 3010 250 3092 d’aoqua
271 3011 391 3093 eguaie
413 3010 480 3076 aila
504 3009 590 3074 mole
612 3008 644 3072 di
670 3009 733 3073 essi
756 3007 852 3072 solidi
884 3005 1046 3086 composti
1070 3003 1144 3068 deii'
1158 3003 1230 3066 aria
1253 3018 1272 3064 e

101 3119 185 3183 delia
210 3120 391 3183 tavoletta:
417 3136 473 3201 per
498 3118 529 3182 lo
553 3117 614 3196 ohe
638 3118 716 3180 tutti
736 3117 747 3180 i
766 3116 846 3180 delii
866 3115 962 3179 solidi
983 3122 1116 3176 restano
1131 3111 1183 3173 nei
1201 3128 1270 3174 me·

103 3228 227 3294 desimo
250 3228 350 3293 modo
373 3229 513 3310 agalia.

187 3340 460 3422 Raccogiieremo
479 3339 532 3401 nel
550 3344 638 3401 terzo
656 3338 768 3420 luogo,
786 3356 881 3401 come
904 3338 981 3417 ogni
1002 3342 1093 3399 sorta
1110 3335 1142 3398 di
1164 3336 1272 3418 figura

104 3448 132 3512 di
157 3447 383 3532 qualsivogiia
405 3449 568 3523 materia,
590 3442 715 3511 bench&
740 3442 796 3526 ρίῐτ
821 3464 924 3528 grave
946 3445 1021 3507 deli'
1034 3461 1163 3524 acqua,
1183 3440 1272 3523 ριτὸ,

105 3578 158 3640 ρετ
180 3556 344 3625 beneficio
366 3556 441 3620 deii‘
454 3557 641 3639 argineuo,
664 3574 730 3620 non
759 3557 941 3620 solamente
976 3553 1151 3617 sostenersi
1175 3567 1273 3613 senza

105 3670 226 3734 andare
248 3666 282 3730 ai
304 3666 424 3741 fondo,
449 3683 504 3729 ma
526 3667 644 3730 alcune
670 3665 796 3745 figure,
819 3658 944 3727 bench&
967 3662 1000 3724 di
1027 3659 1180 3723 materia*
1196 3674 1274 3737 gra-

107 3779 253 3851 vissima,
276 3781 401 3839 restare
423 3774 530 3838 anche
555 3779 637 3837 tutte
661 3789 759 3853 sopra
783 3770 802 3833 l'
816 3788 934 3851 acqua,
958 3787 1022 3832 non
1046 3768 1073 3831 si
1097 3763 1272 3845 bagnando

108 3902 141 3947 se
166 3902 233 3949 non
256 3882 289 3946 ia
312 3880 488 3964 superficie
521 3880 677 3945 inferiore
708 3878 769 3944 che
804 3885 898 3941 tocca
933 3878 952 3939 i’
966 3892 1097 3955 acqua3
1119 3889 1137 3933 e
1159 3877 1275 3951 queste

107 4009 248 4056 saratino
271 3995 356 4055 tutte
377 3991 408 4053 le
431 3988 548 4071 figure,
571 3989 601 4052 ie
624 3989 715 4071 quali
740 3987 829 4051 dana
851 3989 930 4051 base
953 3983 1107 4065 inferiore
1130 3981 1164 4042 in
1188 3996 1227 4042 su
1246 3980 1274 4042 si

108 4120 217 4167 vanno
235 4099 504 4183 assottigiiandm
520 4099 543 4161 ii
560 4100 622 4163 che
638 4099 694 4162 noi
711 4095 1027 4178 esemplifioheremo
1045 4107 1102 4170 per
1115 4105 1175 4151 ora
1191 4087 1276 4151 nelle

109 4210 262 4293 piramidi
294 4226 316 4274 ο
347 4210 446 4284 coni,
475 4208 558 4273 delle
581 4209 673 4290 quali
696 4208 802 4288 figure
826 4205 856 4269 ie
880 4200 1023 4284 passioni
1046 4217 1104 4262 son
1130 4198 1275 4262 comuni.

108 4321 365 4385 Dimostreremo
384 4319 527 4399 dunque,
545 4337 638 4382 come
656 4315 675 4382 ὲ
695 4316 847 4399 possibile
867 4314 1010 4377 formare
1029 4329 1095 4374 una
1115 4308 1276 4392 piramide.

110 4447 130 4491 ο
149 4447 235 4495 cono
257 4429 292 4493 di
314 4428 538 4511 qualsivoglia
557 4429 697 4491 materia
715 4429 880 4508 proposui,
899 4421 922 4484 il
942 4421 1040 4502 quale
1058 4427 1174 4503 posato
1190 4416 1276 4482 colia

232 4532 360 4588 (inuno
379 4528 507 4587 flium.
527 4561 560 4571 —
578 4529 610 4583 T.
630 4528 694 4582 xii.
1132 4527 1167 4637 ὅ
