2932 5114
149 375 194 439 illi
434 388 580 435 mscosso
605 388 735 435 mrom'o
759 386 768 432 ι
792 386 1035 435 ωιιεαιεηητι.

148 511 203 577 cisi
225 530 291 577 non
315 515 342 577 si
368 512 450 577 vele
474 512 540 577 mci
566 510 741 581 accudere:
764 508 920 592 adunque
944 526 1008 574 non
1033 507 1052 573 ie
1075 528 1156 573 voro
1178 509 1241 572 che
1275 507 1319 593 gli

148 624 303 689 elemenli
326 622 361 688 ‹ii
384 639 498 687 mezzo
520 623 612 685 siene
637 620 795 702 perlecipi
820 619 895 683 dell*
909 637 976 683 uns
998 638 1017 681 e
1040 617 1214 684 (lell’allro
1236 634 1322 700 qus·

149 730 219 798 lili.
244 734 358 799 Simile
378 739 572 816 argomento
594 728 613 795 ὁ
635 730 764 807 fallace,
787 748 853 794 non
873 746 971 794 meno
984 730 1046 795 clre
1068 729 1188 793 l'allro
1203 732 1321 793 conire

149 843 394 907 aliemocrilo.

238 948 486 1023 llllimamcnle,
510 948 640 1012 avendo
665 948 837 1012 Arislolilc
860 948 951 1012 dello
972 948 1035 1012 chc
1058 965 1094 1012 se
1116 947 1150 1011 la
1173 948 1320 1031 posizloc

148 1058 180 1121 di
218 1056 407 1122 Democrito
430 1055 520 1120 losse
548 1074 648 1129 vera,
675 1057 915 1138 bisognercbbe
938 1056 1001 1121 cire
1025 1073 1093 1120 uno
1120 1073 1203 1137 gran
1232 1056 1320 1122 mole

148 1164 179 1227 d'
192 1165 265 1228 aris
288 1164 315 1227 sl
339 1180 490 1229 movesse
513 1160 571 1245 pio
594 1165 820 1230 veloccmeole
843 1165 906 1227 clie
928 1180 996 1227 unc
1020 1164 1146 1245 piccols
1169 1164 1321 1247 d’ccqoc.

145 1274 239 1355 epoi
277 1274 455 1357 soggionlc
478 1274 541 1337 che
562 1270 616 1337 cio
639 1292 705 1337 non
740 1273 769 1337 sl
804 1272 887 1339 relic
921 1274 987 1338 mci
1012 1274 1171 1339 insicum
1204 1272 1321 1348 modo:

147 1384 253 1464 parmi
278 1384 341 1448 clre
364 1384 441 1447 altri
466 1401 563 1465 possa
587 1388 694 1449 reslsr
715 1402 779 1447 cors
801 1382 968 1448 desiderio
991 1384 1185 1449 d'inlemier
1207 1384 1251 1449 dn
1272 1382 1320 1449 lui

147 1494 180 1555 in
203 1491 409 1575 qual·luogo
432 1492 599 1557 dovrebbe
620 1494 763 1558 occider
784 1499 903 1574 queslo
917 1491 969 1556 cil·
982 1493 1010 1556 e'
1022 1491 1150 1557 deduce
1167 1500 1320 1559 conlr'os

150 1600 351 1675 Democrito,
373 1618 392 1663 e
413 1601 512 1681 quale
534 1600 721 1682 esperieczs
745 1617 788 1665 ne
808 1601 937 1683 insegni
955 1599 1009 1665 cil'
1023 1601 1052 1665 e·
1064 1618 1130 1664 non
1151 1600 1181 1666 ν’
1197 1618 1320 1686 accog-

149 1709 214 1790 gia.
239 1708 264 1773 11
289 1710 406 1775 crerier
427 1709 460 1772 di
485 1708 619 1772 vederlo
642 1708 717 1773 neli’
729 1708 893 1773 elemento
926 1707 1121 1789 dell’scquc
1144 1726 1163 1772 e
1184 1709 1220 1773 in
1243 1710 1319 1792 quoi

147 1817 223 1881 oell’
236 1818 307 1883 cria
331 1814 350 1881 ὲ
372 1836 470 1893 vano,
493 1815 614 1899 perche
636 1816 679 1883 mi
700 1818 722 1881 l·
738 1836 844 1901 coquo
870 1834 928 1899 per
946 1835 1065 1899 ecqua,
1083 1815 1125 1882 ce
1141 1818 1248 1883 l’aria
1263 1836 1321 1901 per

145 1932 216 1996 oris
240 1934 268 2011 si
292 1947 460 1995 mcovono
481 1949 503 1994 o
526 1933 748 1996 moverebboo
768 1929 939 2013 giammei
955 1946 1013 2011 per
1030 1930 1223 2011 quoiusque
1243 1946 1320 2011 pcr-

149 2042 353 2125 lecipozione
387 2042 462 2105 sliri
500 2042 628 2123 assegoi
653 2041 725 2106 loro
746 2040 779 2104 di
805 2046 893 2104 terro
914 2059 936 2104 o
958 2040 991 2103 di
1015 2038 1129 2112 lucem
1152 2038 1184 2101 io
1208 2043 1320 2113 terro,

150 2170 207 2235 per
241 2170 306 2216 non
340 2167 431 2217 esser
461 2168 562 2233 corpo
595 2150 699 2215 fluido
721 2167 740 2213 e
762 2150 899 2214 cedcnle
923 2148 991 2213 olis
1017 2142 1168 2213 mobilili
1195 2147 1318 2212 ‹i’sllri

147 2262 252 2344 corsi,
274 2257 294 2323 e
316 2261 416 2342 luogo
434 2276 453 2322 e
476 2276 589 2323 mezzo
603 2240 802 2323 inellissimo
824 2276 845 2321 a
867 2255 977 2322 simile
992 2256 1196 2338 espericnzs:
1214 2256 1239 2319 il
1258 2273 1319 2321 sc-

145 2388 223 2446 cuo,
246 2387 303 2451 per
326 2370 418 2434 (lello
440 2370 645 2434 d’llrislolile
667 2367 859 2444 medesimo,
882 2384 947 2431 non
964 2367 991 2431 si
1016 2360 1077 2437 cl..
1092 2362 1273 2441 coenolio
1288 2366 1316 2430 si

148 2481 264 2557 (losse,
289 2480 381 2544 nulla
404 2481 432 2544 si
456 2480 654 2545 moserebbe
677 2480 711 2543 in
735 2479 799 2543 lui:
823 2484 910 2542 reslc
934 2479 966 2543 lc
989 2476 1103 2559 region
1126 2475 1179 2539 del
1202 2474 1318 2549 iuoco;

149 2604 204 2651 ma
227 2589 365 2654 essendo
388 2604 446 2670 per
468 2592 561 2652 lanio
579 2586 692 2669 sperio
710 2586 854 2651 dislanle
870 2585 912 2649 (is
932 2585 998 2658 noi,
1014 2584 1112 2665 quale
1127 2583 1317 2667 especiem

148 2684 242 2779 poiri
263 2698 461 2763 ossicuraroi
481 2713 618 2761 osvere
640 2703 809 2761 accerlmo
831 2694 1003 2760 Asislolilc
1024 2693 1059 2757 io
1080 2694 1240 2772 moolers,
1254 2694 1317 2759 olle

145 2804 174 2867 e'
187 2805 215 2869 si
234 2804 350 2881 deboc,
373 2822 469 2869 come
491 2803 524 2868 di
543 2821 622 2869 cosa
637 2805 811 2869 notissimo
826 2802 858 2866 sl
876 2820 983 2878 senso,
998 2802 1172 2867 amimam
1190 2808 1318 2885 quanio

143 2915 173 2975 ε’
186 2916 332 2997 produce
355 2916 389 2978 in
412 2915 625 2980 coniulczion
647 2915 680 2979 di
705 2915 907 2988 Democrito,
928 2908 1002 2978 cioe
1023 2913 1085 2977 che
1099 2931 1166 2977 non
1182 2910 1239 2995 pisi
1256 2916 1319 2979 ve·

144 3026 328 3089 lccemenle
351 3026 380 3088 si
404 3040 528 3089 muova
563 3042 630 3089 uns
665 3040 747 3107 gron
782 3022 869 3087 mole
892 3022 923 3085 ‹i’
937 3022 1010 3085 oris
1033 3023 1095 3086 che
1116 3039 1163 3085 un
1187 3020 1316 3102 piccoic

146 3134 177 3197 ‹l’
190 3134 317 3214 acque?
339 3132 396 3198 Mc
419 3132 453 3199 lo
476 3151 541 3198 non
565 3133 676 3216 voglio
694 3128 750 3213 pili
767 3132 980 3213 lungomenle
997 3132 1165 3195 dimorare
1183 3131 1217 3194 io
1234 3148 1317 3212 que-

147 3248 198 3305 slo
223 3242 386 3320 maioris,
409 3242 494 3308 dove
528 3243 665 3307 screbbs
687 3240 751 3304 ohe
772 3240 844 3304 dire
867 3240 972 3304 assei:
993 3256 1011 3303 e
1035 3240 1175 3304 insciolo
1208 3238 1317 3304 anche

147 3352 336 3417 licmocrllo
357 3354 401 3417 (la
424 3370 490 3418 uos
512 3352 632 3427 bando,
655 3356 750 3414 torno
765 3351 797 3414 ol
815 3356 899 3415 lesio
915 3350 1128 3422 d’Arislolile,
1148 3349 1200 3413 ncl
1217 3350 1318 3430 qcole

147 3459 213 3543 egli
237 3460 264 3523 si
285 3479 326 3527 va
351 3459 554 3542 accingendo
578 3476 634 3539 per
657 3457 777 3521 render
797 3459 827 3522 le
844 3476 921 3523 vero
937 3458 1149 3528 conscende
1165 3472 1318 3541 serengo

146 3571 207 3634 che
231 3568 262 3635 le
285 3572 387 3635 sollili
423 3567 510 3633 laide
535 3566 569 3630 di
598 3566 684 3631 ierro
705 3585 726 3630 o
749 3565 783 3631 sii
812 3568 945 3650 piomlio
974 3564 1234 3647 scpronnuolino
1269 3564 1322 3628 sl-

146 3678 290 3760 l’acquc,
312 3696 332 3741 e
356 3673 413 3759 pisi
436 3675 522 3738 l'oro
543 3679 649 3738 slesso
673 3677 896 3759 asselliglislo
919 3678 953 3739 in
985 3671 1178 3737 tenuissime
1206 3669 1318 3752 fugile,

147 3804 165 3845 e
188 3786 220 3850 la
243 3787 373 3850 minuis
399 3782 542 3865 poliere,
566 3799 631 3848 non
655 3802 736 3866 pure
760 3785 969 3865 nell'ocqoc,
994 3798 1047 3843 mc
1070 3778 1231 3844 nell’cris
1254 3798 1318 3847 crr-

145 3912 224 3960 coro
249 3896 380 3959 vodano
401 3892 558 3956 notando.
576 3893 705 3976 E’pone
720 3895 783 3959 che
801 3894 852 3957 dc’
863 3890 1013 3957 continui
1034 3888 1110 3952 ollri
1127 3890 1220 3953 sieoo
1238 3906 1318 3974 sgo-

150 4005 315 4070 volmeole
336 4000 496 4067 divisibili
521 4020 539 4065 o
563 4004 640 4068 sliri
665 4022 723 4076 no:
746 4020 766 4066 e
787 4001 850 4065 ohe
873 4000 958 4082 degli
981 3999 1210 4081 cgevolmeole
1229 3998 1319 4065 ‹livi-

147 4115 248 4189 sibili,
269 4112 381 4176 alcuni
418 4112 489 4176 sien
525 4110 583 4195 pisi
605 4132 624 4177 e
647 4112 724 4176 sliri
760 4128 858 4176 meno
892 4109 965 4175 lulis
989 4126 1007 4171 e
1029 4114 1145 4190 qussle
1179 4106 1317 4173 slierms

146 4222 268 4286 dovere
291 4218 436 4282 slimorsi
457 4220 519 4283 elie
541 4222 612 4282 sien
636 4219 666 4282 le
689 4219 832 4300 cogioni.
851 4216 1041 4301 Soggiunge
1060 4217 1125 4297 poi,
1140 4215 1250 4296 quello
1264 4232 1318 4280 es·

146 4344 217 4391 sere
241 4328 470 4409 ogerolmenle
494 4328 660 4393 divisibile
684 4330 830 4393 chobon
854 4331 881 4393 si
907 4330 1060 4401 immina,
1082 4344 1101 4389 e
1124 4323 1181 4409 piri
1205 4328 1318 4411 quello

146 4438 209 4499 olle
232 4430 301 4517 piri,
324 4454 343 4499 e
367 4438 433 4499 tale
450 4454 540 4500 esser
563 4433 619 4517 piri
645 4438 747 4502 l’oria
770 4439 833 4503 olle
858 4440 878 4503 1’
891 4458 1009 4521 acqua,
1035 4437 1175 4518 l'scqua
1199 4439 1262 4503 che
1285 4439 1317 4503 ls
