2932 5114
217 343 283 408 266
668 362 930 406 ursrosrr

305 484 360 547 Mn
384 482 494 562 quetto
516 483 576 546 oire
600 478 657 564 piir
680 484 833 563 imposta,
856 483 989 562 quando
1012 485 1034 546 it
1061 481 1218 563 prendere
1238 501 1283 546 un
1304 501 1377 565 pro·

215 594 373 656 nunziato
397 592 448 655 nei
473 611 568 657 senso
594 594 725 674 proprio
747 610 765 655 e
788 598 905 656 stretto
928 592 1119 657 diversifica
1139 593 1161 654 11
1179 610 1276 656 senso
1294 593 1379 657 delta

214 702 378 781 quistione
401 701 461 764 ohe
484 703 511 765 si
536 709 648 777 natta,
671 704 698 766 si
724 703 783 766 dee
807 703 964 783 prendere
988 704 1009 765 it
1033 702 1220 784 significato
1237 704 1380 783 proprio,

214 827 319 873 onon
345 810 367 873 il
391 829 531 874 conrune
554 813 784 893 eimproprio;
808 830 903 875 come
926 813 1060 891 quondo
1084 812 1224 876 fussimo
1247 813 1281 874 in
1297 829 1378 876 eon-

215 926 296 994 tosa‚
319 938 354 982 se
378 921 422 1002 gti
447 921 574 983 nomini
599 939 717 1001 posson
754 922 866 984 vivere
891 921 1086 1000 nott'noqua
1108 937 1129 983 o
1154 938 1210 992 no;
1234 920 1289 983 etri
1315 937 1379 983 non

215 1029 296 1093 vede
319 1029 380 1091 ohe
404 1028 425 1089 11
451 1029 588 1091 termino
612 1029 795 1110 nett’ocquo
818 1047 882 1091 non
908 1029 932 1090 s'
947 1029 989 1091 ha
1012 1029 1055 1091 da
1078 1028 1218 1109 prender
1243 1029 1275 1090 in
1302 1028 1376 1110 quei

213 1154 309 1202 senso
332 1155 473 1202 comune
495 1156 514 1199 e
535 1138 641 1219 largo,
665 1139 716 1201 net
741 1139 840 1218 quate
863 1138 890 1201 si
915 1138 987 1201 suot
1013 1138 1083 1202 dire
1106 1139 1168 1201 ohe
1193 1157 1238 1204 un
1263 1155 1379 1220 pesca-

215 1256 294 1323 toro‚
316 1248 377 1311 ohe
400 1249 449 1310 sia
473 1248 656 1327 nett'noqua
680 1247 747 1310 tino
771 1248 803 1309 at
827 1248 1018 1329 ginooohio,
1042 1245 1060 1311 e
1083 1248 1159 1311 nett’
1173 1249 1302 1329 acqua?
1325 1267 1379 1313 nro

212 1357 275 1419 ben
298 1358 324 1418 si
349 1357 407 1418 dee
432 1357 580 1418 intender
605 1355 635 1417 ta
659 1356 825 1436 quistione
850 1357 883 1418 in
906 1364 1023 1435 questo
1050 1374 1160 1430 senso;
1189 1376 1224 1421 se
1248 1358 1294 1440 gii
1320 1376 1380 1422 uo-

212 1465 293 1528 mini
318 1482 457 1545 possono
481 1465 594 1527 vivere
619 1445 826 1544 nett’aoqua,
848 1463 921 1528 ciod
946 1468 1053 1529 tutinti
1073 1467 1200 1541 dentre,
1215 1485 1311 1532 come
1328 1470 1378 1531 nt·

214 1574 253 1634 tri
277 1574 412 1636 animali
440 1574 470 1634 vi
498 1574 639 1636 vivono?
661 1570 737 1638 Cosi
762 1574 847 1661 netto
872 1583 1020 1656 presente
1044 1578 1219 1656 quistione,
1237 1580 1376 1643 essendo

210 1681 272 1743 ohe
296 1682 328 1744 ln
354 1681 541 1763 teggorezzn
564 1677 582 1742 ὲ
604 1698 706 1744 onusu
740 1682 801 1744 cire
836 1684 949 1745 alcuni
977 1687 1067 1764 eorpi
1094 1701 1159 1746 non
1184 1685 1377 1749 discendino

213 1790 286 1853 nett'
300 1808 418 1871 aequo,
434 1788 559 1855 benohd
576 1792 708 1855 messivi
727 1792 842 1855 dentro
868 1793 1070 1867 tototmente,
1093 1790 1162 1858 cosi
1178 1796 1205 1857 si
1226 1800 1328 1858 mette
1346 1796 1378 1858 in

210 1899 375 1980 quistione
391 1917 425 1962 se
443 1899 464 1961 it
484 1899 662 1962 modesinro
678 1898 849 1961 accidente
865 1898 898 1960 di
916 1917 980 1962 non
1005 1898 1211 1980 profondarsi
1236 1897 1304 1981 pud
1319 1919 1377 1964 ac·

210 2007 328 2070 endere
339 2025 360 2069 a
371 2010 461 2089 oorpi
478 2004 532 2088 pid
547 2008 642 2090 gravi
655 2006 838 2088 dett'aoqua
852 2005 960 2072 merod
972 2008 1059 2072 dotia
1073 2010 1180 2091 ligura
1193 2011 1348 2076 dilatata.

301 2118 335 2181 in
350 2117 434 2181 ottre
451 2119 482 2181 io
498 2119 646 2181 diotrioro
658 2118 690 2180 al
703 2118 770 2198 Sig.
788 2117 965 2188 lodovico,
982 2119 1044 2181 ohe
1061 2095 1192 2200 qnando
1209 2121 1235 2184 si
1254 2121 1336 2203 pigti
1356 2122 1375 2184 it

212 2227 349 2289 termine
373 2227 404 2290 di
431 2244 541 2292 messo
561 2226 636 2289 nett'
650 2243 757 2306 acqua
781 2226 832 2288 nei
858 2227 949 2309 largo
974 2226 1183 2309 significato,
1208 2246 1273 2292 non
1300 2226 1377 2310 perd

211 2337 309 2400 ereda
334 2339 364 2400 di
393 2339 587 2418 vantaggiar
600 2338 631 2400 Ιιι
649 2354 709 2399 sna
725 2336 929 2411 condiziooe,
947 2333 1064 2418 perotrd
1087 2337 1141 2400 dal
1162 2337 1228 2420 Sig.
1248 2337 1375 2403 Gaiiteo

210 2444 266 2510 s'd
284 2447 508 2510 oirinrnmente
532 2451 670 2526 proruto
687 2448 748 2509 otte
766 2442 806 2509 ne
822 2462 907 2508 anco
922 2447 945 2508 11
962 2445 1144 2527 gaitoggiar
1160 2446 1193 2508 in
1212 2445 1257 2508 tut
1283 2447 1375 2528 guiso

210 2557 358 2637 depende
381 2556 469 2618 datia
494 2554 601 2636 figura
625 2555 773 2618 dilatata.
799 2555 901 2635 Equi
920 2556 972 2636 poi
998 2556 1030 2617 io
1055 2557 1162 2617 vorrei
1184 2554 1375 2620 tinnimente

211 2682 325 2746 supere
349 2665 401 2727 dat
427 2664 494 2745 Sig.
511 2665 683 2734 Coiombo‚
714 2666 788 2745 quet
812 2666 874 2728 cire
897 2666 925 2729 si
949 2666 998 2728 sin
1023 2665 1106 2729 delie
1129 2683 1188 2728 sue
1211 2666 1375 2738 sortitore,

210 2792 244 2840 se
270 2776 300 2838 ia
325 2775 549 2857 proposizione
583 2780 711 2856 esposta
748 2792 842 2837 corne
876 2782 928 2837 sto
963 2774 1015 2837 nel
1040 2776 1187 2838 discorso
1210 2771 1228 2836 d
1253 2791 1377 2838 verao

211 2884 307 2956 taum
332 2902 349 2947 e
372 2903 406 2946 se
433 2884 462 2945 ta
487 2888 602 2963 reputa
626 2881 720 2957 saiso,
745 2884 854 2946 vorrei
880 2884 1011 2946 redorta
1035 2884 1237 2957 risrutata,e
1272 2901 1307 2946 se
1346 2884 1374 2946 ia

210 2992 353 3057 concode
378 3010 434 3073 per
459 2987 558 3060 vera.
583 2988 655 3053 oioe
679 3009 712 3054 se
736 2988 753 3054 e
779 3009 856 3055 iero
877 2991 939 3054 ohe
965 2992 1061 3056 tutt'i
1085 2992 1177 3073 oorpi
1201 2988 1257 3072 piri
1281 2993 1375 3075 gravi

208 3101 284 3166 dett·
300 3118 406 3181 aequa
431 3101 543 3164 ridotti
567 3103 600 3164 in
624 3100 816 3180 quaiunque
841 3100 1013 3180 targtrezza
1032 3099 1064 3160 di
1083 3099 1189 3180 tigurn
1211 3115 1323 3160 vanno
1342 3098 1376 3160 in

211 3209 330 3283 fondo,
352 3212 436 3272 cessi
461 3228 526 3272 uno
551 3210 640 3272 voitu
665 3207 696 3271 d'
708 3209 869 3272 insultare
894 3210 926 3272 in
951 3227 1038 3272 vano
1060 3216 1177 3272 contro
1199 3208 1267 3272 atla
1302 3207 1376 3271 dot·

210 3320 297 3382 trina
319 3318 370 3380 det
397 3318 464 3400 Sig.
484 3318 629 3394 Guliteo,
652 3336 670 3379 e
693 3318 769 3381 dica
792 3318 1006 3381 liberamento
1033 3319 1094 3380 otte
1123 3318 1152 3379 ie
1180 3317 1287 3399 figure
1311 3335 1376 3381 non

210 3427 275 3491 hon
300 3428 360 3490 ohe
384 3427 453 3491 sare
478 3429 527 3492 net
553 3428 735 3511 gatleggior
758 3427 836 3491 d'nn
859 3446 970 3509 corpo,
994 3428 1054 3491 cire
1080 3444 1137 3506 per
1160 3444 1220 3491 suo
1239 3427 1373 3492 naturai

211 3553 370 3617 gravezzo
394 3536 534 3598 undasse
559 3535 589 3596 nt
614 3534 723 3598 fondo.
1064 3617 1066 3620 ι

368 3642 456 3730 (Peg.
483 3641 557 3727 123)
578 3645 686 3725 poiottd
708 3646 812 3709 subito
836 3647 947 3709 catorio
970 3648 1002 3708 ot
1023 3645 1132 3726 fondo,
1156 3665 1200 3708 oc.

301 3755 346 3816 La
361 3754 498 3836 nogione
518 3749 635 3833 perche
654 3752 675 3814 11
695 3753 761 3833 Sig.
777 3752 902 3817 Gotiteo
923 3771 987 3817 non
1007 3756 1066 3816 doe
1086 3770 1204 3834 pensor
1218 3755 1280 3817 ohe
1298 3756 1375 3819 Ari·

210 3862 318 3926 stotito
342 3862 369 3924 si
394 3861 491 3923 oredo
515 3858 576 3922 ohe
601 3860 628 3921 te
652 3860 774 3923 lamine
798 3862 829 3924 di
857 3863 987 3942 piombo
1016 3862 1146 3925 oserro
1174 3868 1265 3942 poste
1293 3869 1378 3927 sotto

211 3973 233 4034 11
258 3972 369 4034 tivetto
393 3972 575 4051 dett’aoquu
597 3988 662 4033 non
682 3972 891 4044 discendono‚
912 3967 1041 4055 d(dice
1061 3974 1083 4034 it
1105 3973 1172 4053 Sig.
1192 3967 1373 4055 Lodovioo)

211 4077 329 4162 percite
351 4081 460 4145 subito
483 4082 602 4143 coiano
624 4081 655 4142 ut
676 4080 788 4144 ioodo:
807 4078 914 4144 totohd
930 4099 964 4143 so
982 4099 1048 4144 una
1067 4081 1294 4162 proposizione
1311 4097 1373 4143 non

212 4185 287 4254 suri
312 4209 399 4264 veru,
417 4192 439 4252 it
464 4192 530 4272 Sig.
546 4191 673 4256 Gaiiieo
696 4209 761 4254 non
786 4188 852 4272 pud
877 4188 917 4253 nd
940 4191 999 4254 dee
1016 4208 1152 4271 pensare
1167 4189 1228 4252 ohe
1244 4190 1374 4252 Aristo·

212 4304 269 4366 tite
300 4302 428 4364 t'obbia
453 4303 519 4364 mai
543 4302 644 4376 detta,
667 4320 761 4365 come
785 4301 846 4364 che
871 4320 932 4383 pur
956 4303 1002 4363 sia
1029 4299 1201 4363 notissimo
1225 4297 1286 4359 cho
1310 4295 1372 4375 egli

214 4429 276 4474 non
301 4427 396 4490 possa
423 4428 501 4473 aver
526 4409 615 4473 detta
639 4428 705 4474 unu
730 4430 806 4475 ooso
831 4411 923 4474 taiso.
