2932 5114
493 415 512 458 n
533 411 683 458 nonovieo
701 413 802 459 nnnnn
822 412 974 461 conones.
1241 397 1308 465 403

158 549 222 596 non
246 528 265 594 e
287 526 328 595 ne
346 548 431 600 ,vero
452 526 494 592 ne
516 527 692 609 possibile,
726 529 885 610 pertendo
913 531 936 593 it
973 530 1090 613 Signor
1116 532 1243 598 Getiteo
1276 533 1311 597 di

157 640 242 705 ietde
257 639 291 703 di
315 638 456 720 piombo
479 636 540 699 che
563 637 596 700 di
620 631 780 700 necessitd
801 637 1036 702 abbessandosi
1056 643 1142 703 sotto
1159 638 1181 701 it
1199 638 1310 702 livetto
1388 696 1390 703 ,
1429 651 1434 662 ·

156 747 350 827 dett'nequn,
368 762 432 809 non
450 761 590 825 possono
608 760 674 808 non
696 743 764 806 tare
787 745 963 825 enginetti:
988 762 1043 809 ma
1058 745 1122 828 egli
1138 745 1184 809 ha
1201 763 1312 810 soem·

156 857 248 922 hiato
270 853 315 935 gii
339 854 494 936 arginetti
518 870 579 916 oon
602 852 710 933 quette
733 854 855 933 sponde
871 853 904 916 di
927 855 1024 935 legno
1047 854 1127 918 tutte
1150 872 1208 936 per
1230 857 1310 920 rite·

157 979 221 1044 gno
233 960 415 1040 dett'ueque
432 960 564 1023 intorno
578 959 645 1023 ntia
661 958 760 1034 faldo,
775 977 793 1022 e
810 960 976 1042 sequendo
992 962 1044 1042 poi
1059 964 1310 1046 quest’inganno

155 1072 228 1136 dice
250 1070 275 1133 it
292 1070 358 1152 Sig.
374 1068 502 1134 Gatiteo
517 1085 605 1132 esser
625 1069 853 1131 miseramente
869 1071 994 1134 nieorso
1010 1087 1030 1133 a
1045 1072 1125 1147 dire,
1148 1073 1209 1138 ohe
1224 1072 1309 1137 dove

156 1182 286 1263 l’uoqua
308 1198 373 1244 non
398 1179 430 1243 ia
452 1179 571 1260 orgini,
595 1178 688 1242 t'aria
713 1178 757 1259 gli
781 1177 812 1240 fa
837 1196 857 1242 a
879 1174 914 1241 sd
936 1183 1054 1242 stesso:
1077 1196 1133 1241 ma
1149 1180 1172 1242 it
1192 1178 1309 1261 Signor

154 1288 280 1356 Gutiteo
294 1304 359 1351 uon
379 1288 472 1367 porta
488 1287 554 1350 mei
570 1286 602 1351 di
619 1287 726 1368 ergini
746 1287 780 1349 in
796 1292 912 1386 questo
935 1286 1044 1368 luogo,
1067 1304 1122 1350 ma
1145 1288 1215 1350 soto
1237 1286 1310 1349 dieo

154 1398 214 1463 ohe
232 1397 326 1461 t'nrin
340 1397 496 1477 contigue
513 1397 579 1460 alta
592 1397 679 1460 tetdo
692 1412 785 1459 serve
800 1412 857 1476 per
871 1396 993 1478 sponde
1010 1393 1039 1481 (e
1051 1415 1117 1461 non
1129 1397 1309 1461 cheisneia

153 1506 309 1588 arginetti
325 1505 359 1567 in
375 1504 507 1567 cambio
523 1500 720 1587 deit'eequn)
739 1520 796 1584 per
815 1503 1047 1584 piceiotissimo
1069 1504 1180 1586 spnzio
1195 1509 1311 1567 contro

153 1612 218 1677 nitu
241 1630 353 1676 seorsa
376 1612 580 1692 detl'eequa.
604 1610 726 1674 Vedete
748 1610 892 1691 dunque,
915 1609 980 1692 Sig.
1000 1610 1169 1687 Commio,
1186 1616 1311 1690 quanto

152 1722 183 1785 la
198 1727 313 1786 vostra
328 1717 562 1802 esposizioned
578 1715 634 1800 piu
650 1719 783 1783 sooucia
798 1719 850 1782 del
868 1725 951 1782 testo
967 1719 1018 1783 det
1034 1719 1101 1800 Sig.
1114 1719 1251 1786 Geliteo.

309 1830 396 1914 (Peg.
424 1827 498 1913 147)
521 1828 560 1893 10
583 1837 673 1892 torno
696 1828 728 1892 di
751 1847 854 1892 ouooo
876 1847 897 1893 o
919 1832 1087 1894 mostroroi
1109 1849 1151 1893 ee.

240 1938 281 2004 Se
305 1939 329 2001 it
352 1937 418 2020 Sig.
442 1937 600 2004 Cotombo
621 1936 770 2001 laseieva
792 1943 907 2017 questa
931 1954 1057 2017 prove,
1087 1944 1309 2003 eommettevn

149 2045 214 2108 due
236 2045 342 2109 errori
366 2044 472 2119 meno,
494 2060 562 2108 uno
584 2043 635 2106 det
659 2044 728 2108 dire
751 2061 827 2107 cose
849 2043 936 2107 tuoni
959 2043 993 2107 di
1017 2045 1205 2125 proposito,
1227 2064 1310 2109 oon·

149 2156 254 2219 iorme
276 2154 310 2217 et
333 2154 439 2234 primo
461 2151 625 2225 nrtifizio,
649 2146 763 2233 poiche
786 2168 850 2214 non
873 2151 903 2214 oi
931 2146 950 2213 e
976 2148 1030 2212 ehi
1049 2149 1125 2214 dion
1147 2149 1181 2213 di
1219 2147 1307 2214 virtu

148 2263 361 2335 entomiticn3
384 2262 404 2325 l'
417 2261 503 2325 altro
526 2276 636 2338 errore
659 2255 677 2321 d
698 2258 731 2321 di
754 2257 825 2321 dire
839 2275 886 2321 un
905 2257 996 2332 falso,
1013 2262 1139 2321 mentre
1157 2256 1230 2320 dice
1245 2257 1307 2321 ohe

149 2374 252 2437 t'anie
274 2390 339 2437 non
364 2372 517 2436 trattiene
540 2370 560 2431 l’
573 2385 679 2451 nequa
702 2385 798 2449 sopra
821 2367 865 2448 gli
888 2367 950 2430 orti
966 2366 1018 2429 det
1032 2365 1211 2440 bicchiere,
1229 2383 1305 2446 per·
1367 2344 1372 2354 ⁸

131 2479 211 2546 ebe
231 2475 397 2545 enoorehe
418 2498 483 2544 non
507 2479 539 2542 ta
562 2482 727 2559 truttenga
754 2494 847 2539 eome
875 2480 1074 2548 commuta,
1098 2473 1132 2538 la
1156 2477 1309 2538 trnttiene

149 2588 227 2672 perd
249 2608 344 2654 eome
367 2591 554 2664 ambiente,
576 2587 628 2652 net
648 2585 828 2651 medesimo
850 2584 949 2648 modo
971 2589 1117 2664 appunto
1143 2582 1204 2647 ohe
1226 2600 1309 2647 con·

149 2701 235 2764 tiene
257 2700 288 2764 le
311 2699 458 2781 goeeiote
481 2703 572 2778 poste
595 2712 692 2776 sopra
715 2711 781 2758 uua
805 2692 925 2782 tovoin.

305 2805 377 2892 (ivi)
393 2804 492 2870 Sento
506 2807 560 2869 ede
577 2807 620 2866 mi
638 2801 814 2883 rispondete
832 2818 916 2864 come
930 2819 1023 2864 uotoo
1037 2799 1189 2879 prudente
1205 2819 1248 2863 ec.

234 2916 319 2981 Anzi
344 2915 511 2980 dnlt’esser
526 2912 550 2977 it
570 2913 634 2995 Sig.
649 2912 776 2978 Galiteo
791 2929 892 2975 nomo
911 2911 1080 2991 prudente,
1098 2910 1125 2972 si
1146 2911 1306 2976 oonelude

145 3027 443 3092 necessariumente
465 3023 526 3087 ohe
550 3023 577 3084 e'
590 3038 655 3085 non
672 3021 813 3085 darebbe
832 3020 899 3082 mei
915 3018 1022 3099 quette
1046 3019 1195 3100 risposte,
1215 3020 1307 3100 quali

147 3156 297 3222 tengono
321 3137 497 3203 introdotte
520 3137 571 3200 cot
596 3145 684 3199 terzo
706 3134 858 3198 artifinio.

301 3245 382 3333 (ivi).
404 3245 519 3326 Uquete
543 3245 573 3308 io
594 3246 690 3325 toldu,
713 3262 728 3306 e
752 3240 816 3308 cosi
839 3244 940 3307 t'erio
962 3263 1004 3307 ee.

234 3359 270 3422 lu
294 3362 379 3421 tutte
400 3361 514 3437 queste
536 3356 722 3435 esperienze
744 3353 806 3416 che
829 3355 852 3416 it
876 3353 941 3436 Sig.
964 3354 1123 3421 Coiombo
1147 3354 1305 3434 produce,

143 3466 338 3533 considerisi
361 3466 422 3531 ohe
441 3467 518 3548 ogni
542 3466 633 3530 volta
657 3465 709 3529 oh'
723 3467 750 3528 e'
763 3461 875 3531 leverd
891 3466 934 3547 gli
956 3468 1122 3549 arginetti,
1138 3484 1157 3530 e
1173 3469 1208 3530 in
1225 3486 1307 3532 eon·

143 3593 308 3659 seguenza
330 3577 435 3640 l'nrin
459 3575 690 3656 intrepostavi,
713 3591 840 3655 sempre
864 3575 895 3636 tn
918 3576 1077 3639 tunolettn
1101 3576 1264 3649 discendo
1287 3593 1305 3639 e

142 3668 277 3767 qnando
294 3686 340 3767 gli
356 3686 511 3768 orginetti
528 3682 627 3769 (quat
650 3685 701 3747 sia
724 3685 756 3746 ie
781 3685 919 3765 eagione
935 3685 1020 3749 detta
1038 3686 1108 3749 toro
1125 3690 1305 3750 conserve·

144 3789 262 3878 tione)
285 3794 526 3857 sussistemnno
548 3791 703 3856 ooil'aria
721 3792 858 3865 dentro,
874 3793 905 3854 in
923 3791 1011 3856 faida
1030 3810 1095 3857 non
1114 3790 1306 3857 discendere
1427 3862 1434 3874 κ

143 3903 234 3975 mai;
271 3898 378 3966 tutone
400 3896 418 3964 ὲ
440 3902 615 3965 manifesto
637 3899 699 3964 ohe
721 3918 783 3963 eon
807 3905 920 3980 queste
942 3903 1129 3982 esperienze
1147 3918 1213 3964 non
1235 3903 1306 3967 soto

143 4028 210 4075 non
234 4010 262 4074 si
286 4010 446 4074 conclude
468 4010 558 4073 nulia
581 4010 616 4073 in
639 4008 732 4073 iavor
754 4008 807 4071 det
830 4009 948 4091 Signor
971 4010 1144 4084 Colombo,
1171 4012 1245 4073 anzi
1271 4010 1304 4075 di

144 4122 227 4184 bene
249 4120 285 4182 in
308 4119 429 4200 meglio
452 4119 479 4183 si
505 4137 547 4182 va
569 4118 804 4181 oontermnndo
826 4118 888 4179 che
911 4114 929 4180 e
951 4118 1049 4180 l'arin
1069 4117 1209 4200 eagione
1224 4134 1305 4184 veru

143 4229 177 4293 di
201 4229 428 4310 quest'etietto
452 4227 503 4290 det
529 4226 729 4309 gettegginre
754 4228 784 4290 te
806 4227 903 4291 intde.
927 4228 953 4292 E
978 4229 1011 4290 in
1034 4245 1115 4292 vero
1136 4225 1155 4292 e
1176 4248 1255 4294 oosa
1271 4232 1304 4297 di

145 4338 354 4420 maruvigtie
378 4340 439 4402 che
463 4337 486 4399 it
510 4337 577 4419 Sig.
601 4337 759 4403 Coiombo
782 4356 847 4401 non
863 4339 960 4402 obbia
979 4340 1044 4403 mei
1063 4345 1176 4420 potuto
1194 4345 1306 4424 oepire

145 4448 169 4514 it
192 4446 292 4512 modo
314 4464 377 4511 eon
399 4447 461 4511 ohe
484 4444 504 4508 l'
518 4445 590 4509 aria
612 4447 753 4525 oegione
776 4446 799 4509 it
823 4446 1023 4528 gutlegginre
1045 4446 1133 4513 detta
1154 4448 1256 4524 faida,
1280 4451 1303 4515 it
