2932 5114
540 393 560 435 ι
585 390 734 437 vrncnuzu
757 394 788 438 ιιι
812 395 933 442 cnnzrn.
1250 386 1314 451 547

156 503 219 568 che
243 506 297 569 voi
320 507 353 571 vi
376 509 529 592 figuriate
551 512 616 575 due
638 529 743 594 acque
761 513 812 578 ira
827 516 860 579 di
876 517 949 581 loro
964 517 1110 598 distiute,
1125 522 1209 587 deiie
1224 526 1315 606 quali

159 630 225 676 una
249 615 424 697 bognando
447 617 619 683 i'assicessa
643 637 740 685 serva
763 639 821 702 per
842 622 946 689 diiesn
968 627 1110 693 nil’altrn
1128 631 1216 695 dallo
1234 650 1317 697 con·

158 718 315 796 trorieti,
339 719 367 787 si
390 742 484 789 corne
508 744 573 791 nnn
597 728 680 808 pelle
714 736 823 795 morta
844 733 1067 801 circondnndo
1090 757 1158 803 unc
1180 742 1259 806 viva
1282 742 1315 805 la

155 831 287 897 diiende
308 832 541 917 dall'ingiurie
563 841 700 900 esterno.
725 823 751 900 E
776 840 841 921 egli
866 843 1020 921 possibile
1041 847 1199 911 scrivcrie
1221 866 1317 933 mag·

156 941 268 1023 giorit
290 941 389 1006 Sento
411 941 629 1024 rispondermi
652 945 685 1008 di
709 940 748 1020 si,
771 964 790 1009 c
812 947 984 1013 invitnrmi
1008 969 1027 1013 a
1051 951 1180 1034 leggere
1202 956 1313 1036 quello

152 1050 215 1116 che
249 1068 369 1133 segue,
392 1051 454 1115 cire
476 1048 495 1115 ὸ
516 1059 652 1133 questo:
677 1052 718 1117 1n
739 1056 815 1120 oitrc
832 1058 892 1137 onii
916 1077 979 1122 non
1003 1056 1019 1122 i
1041 1060 1178 1137 initio,
1207 1065 1262 1127 circ
1292 1083 1313 1130 o

153 1160 238 1225 noier
261 1179 409 1240 qenerore
434 1172 541 1242 questo
563 1164 720 1227 occidente
743 1166 771 1228 ci
792 1166 936 1246 ooqiiono
956 1167 1018 1230 dnn
1040 1171 1192 1246 continui,
1215 1171 1313 1238 nnoi

153 1270 314 1335 iosniceiin
337 1270 478 1348 cicinno,
501 1271 602 1337 i'nttro
624 1270 640 1336 i
662 1274 808 1356 i'ocqun:
829 1292 882 1339 nnn
905 1294 970 1340 non
985 1278 1014 1340 ιι·
1027 1278 1142 1342 cncede
1158 1280 1180 1342 ii
1194 1278 1314 1361 Sionor

154 1375 288 1454 Goiitco,
310 1380 364 1443 cic
389 1380 555 1460 bonnondo
578 1381 773 1458 instinctio,
796 1383 830 1446 tii
852 1382 911 1446 dno
943 1386 1084 1449 continui
1111 1403 1142 1449 te
1165 1389 1313 1453 uenient

151 1487 244 1569 quoti
265 1506 286 1552 o
307 1488 377 1569 [orn
399 1506 474 1560 nno,
496 1485 607 1569 petoni
631 1489 662 1554 to
684 1493 845 1574 superficie
869 1492 1087 1571 oet’cnicettn,
1110 1495 1184 1559 douc
1207 1497 1261 1560 cie
1281 1497 1313 1561 cii

149 1613 211 1661 suo
233 1606 352 1662 notura
375 1593 390 1661 i
414 1598 517 1674 crido,
537 1598 731 1679 bonnoniosi
752 1600 872 1665 diviono
896 1602 1016 1678 nnita,
1038 1599 1067 1666 si
1089 1621 1173 1668 come
1195 1602 1211 1669 i
1233 1604 1313 1671 i'oc·

149 1727 238 1792 qun,
258 1727 314 1791 uer
335 1709 362 1772 in
384 1710 471 1791 quoti
493 1709 619 1790 rosioni
640 1711 668 1774 ιι·
691 1708 763 1773 dove
785 1709 909 1774 credere
932 1711 987 1775 cine
1010 1712 1042 1775 in
1063 1712 1150 1776 detto
1171 1712 1313 1779 aniceto

148 1818 281 1900 ouiieoyi
302 1833 395 1899 sopro
418 1816 598 1900 dcii'ocqno.
622 1821 652 1882 Α
674 1826 808 1899 questo,
824 1817 891 1901 Sig.
906 1819 1038 1893 Granio,
1063 1821 1097 1884 io
1118 1837 1184 1886 non
1200 1820 1313 1904 voglio

148 1926 310 2007 replicare
337 1925 446 2004 nitro,
468 1942 521 1990 nro
546 1925 616 1990 noio
639 1942 773 1991 scusue
795 1927 820 1990 il
844 1926 911 2010 Sig.
926 1927 1055 1993 Gniiieo
1089 1946 1124 1994 se
1151 1931 1216 2012 egli
1244 1946 1310 1996 non

147 2037 176 2102 si
200 2032 219 2100 ὁ
241 2035 421 2111 orveduto,
440 2035 504 2100 che
527 2035 704 2117 bugnnndo
725 2034 747 2098 l’
760 2035 936 2110 assiceiin,
958 2035 992 2098 di
1015 2036 1080 2100 due
1104 2039 1252 2101 continui
1275 2056 1311 2103 se

145 2160 189 2210 ne
212 2144 320 2208 faccia
341 2162 417 2208 uno.
442 2144 497 2209 Mn
519 2143 657 2208 essendo
680 2161 745 2208 non
768 2160 865 2207 meno
885 2145 1050 2208 necessari
1068 2145 1133 2209 oue
1150 2147 1311 2222 continui,

146 2249 220 2319 oiot'e
243 2253 383 2335 i'ncqna
405 2270 423 2316 e
448 2252 641 2325 t'assieciin
664 2270 723 2333 per
745 2251 814 2318 tare
837 2253 861 2316 ii
884 2253 1122 2319 ritardnmenio
1143 2255 1197 2318 dei
1220 2261 1310 2319 moto

145 2362 181 2427 in
206 2367 292 2426 tutta
315 2363 347 2426 iu
371 2355 557 2445 profunditis
579 2361 774 2442 deli’acqun,
796 2360 859 2425 che
882 2379 939 2442 per
961 2362 1030 2426 inre
1048 2363 1206 2445 inquiete
1222 2366 1309 2429 neiiu

145 2473 331 2556 superlicio,
355 2472 476 2537 doveri
500 2472 556 2536 voi
579 2470 751 2553 divisnrgii
775 2471 799 2533 il
822 2471 921 2535 modo
942 2471 1005 2534 che
1023 2477 1140 2544 tenete.
1161 2473 1213 2536 nei
1227 2490 1307 2537 caso

144 2583 197 2649 dei
220 2585 476 2658 ritnrdamcnto,
493 2600 548 2663 per
563 2581 757 2664 uecorgervi
772 2581 833 2644 che
848 2580 1087 2657 dcil’assicella,
1103 2577 1228 2646 benninc
1247 2584 1306 2645 bu·

146 2699 249 2776 gnate
274 2699 382 2768 tutin,
411 2711 430 2755 o
459 2691 653 2772 dcli’ncqun
681 2708 746 2754 non
774 2691 801 2753 si
831 2690 937 2754 saccio
965 2707 1011 2753 un
1034 2691 1192 2754 continuo
1214 2690 1306 2765 solo,

143 2803 289 2867 comesi
315 2802 347 2866 in
369 2801 422 2865 noi
446 2819 525 2865 caso
546 2800 600 2863 del
624 2800 845 2883 galiegginrc,
868 2818 886 2863 c
908 2801 1028 2865 noveni
1063 2817 1238 2880 asscgnnre
1273 2801 1306 2864 la

144 2913 322 2977 differenza
346 2917 397 2976 tra
421 2912 528 2993 questi
554 2911 619 2974 due
641 2911 733 2974 cusi:
757 2906 785 2974 si
808 2927 903 2973 come
925 2906 1037 2973 altresi
1061 2910 1196 2974 sarebbc
1217 2914 1305 2973 stnto

143 3025 246 3097 nene,
270 3020 332 3085 che
356 3021 411 3084 voi
435 3028 548 3085 avcste
572 3018 758 3084 dichiarato
782 3037 838 3100 per
861 3019 938 3100 qual
967 3019 1106 3101 nogione
1129 3019 1227 3094 basii,
1248 3036 1305 3100 ner

142 3129 210 3195 inre
235 3147 279 3193 un
304 3130 463 3194 continuo
488 3128 671 3209 dcil’acqun
687 3145 705 3191 e
720 3129 806 3193 deiin
823 3129 982 3192 tavoiettn
996 3128 1227 3211 guiieggiantc,
1242 3128 1304 3192 che

142 3240 173 3303 ia
208 3257 269 3303 sun
303 3238 479 3321 superficie
501 3238 535 3301 di
559 3243 645 3300 sotto
669 3237 849 3301 solamente
871 3253 978 3317 vengn
1001 3236 1167 3316 hagnete,
1190 3254 1209 3300 e
1232 3238 1305 3300 uei-

141 3349 250 3413 l¹uitro
273 3365 352 3412 caso
375 3365 440 3411 non
463 3348 548 3411 hosti
572 3364 592 3409 n
615 3345 685 3409 inre
707 3346 845 3410 l’istessn
868 3342 1055 3408 continuit&
1073 3345 1201 3410 l'essere
1217 3347 1303 3410 intc-

140 3463 288 3522 rnmente
310 3457 505 3520 circundata
527 3455 735 3536 dall'ncqua.
758 3454 964 3518 Finnimentc
987 3456 1160 3526 invertite,
1185 3455 1303 3538 Signor

139 3564 270 3637 Granio,
294 3565 355 3628 che
378 3563 511 3645 quaudo
533 3564 611 3637 dite,
633 3564 688 3625 circ
713 3562 879 3642 coenando
903 3560 1071 3635 i'ncsiceiio,
1095 3563 1126 3624 di
1143 3562 1201 3625 duc
1226 3581 1302 3626 con·

140 3676 223 3739 tincti
245 3693 278 3738 so
301 3693 339 3738 ne
363 3676 450 3736 vieno
485 3673 578 3754 quoni
601 3689 623 3734 o
644 3673 714 3752 sore
738 3689 826 3742 nno:
855 3671 964 3751 quella
988 3670 1169 3751 porticolu,
1189 3673 1301 3750 quoni,

138 3785 282 3866 imperta
316 3785 378 3848 che
407 3801 473 3848 non
502 3785 529 3846 si
553 3783 586 3845 fn
610 3800 654 3845 un
679 3782 860 3852 continuo:
884 3776 912 3842 si
936 3797 1030 3842 come
1065 3779 1120 3842 chi
1151 3779 1298 3842 clicessc:

138 3893 287 3960 Giiberto
309 3891 328 3958 e
350 3894 446 3975 quasi
471 3895 570 3965 vivo;
595 3893 753 3958 verrebbe
775 3889 960 3954 senz'nitro
983 3907 1002 3952 a
1027 3889 1216 3970 significare
1238 3889 1300 3951 che

138 4019 205 4066 non
238 3998 257 4065 i
291 4004 391 4078 vivo,
411 4019 481 4065 'ma
517 4007 644 4065 morto:
683 4000 727 4063 tni
762 4000 823 4063 che
847 3999 870 4062 ii
895 4006 1008 4065 vostro
1030 3999 1177 4062 discorso
1211 4005 1299 4063 resta

138 4116 227 4177 tutto
250 4130 345 4177 vano.

227 4220 296 4285 Con
332 4221 529 4301 pochissime
564 4220 675 4300 parole
704 4220 731 4284 si
759 4221 870 4301 sbriga
894 4219 916 4280 il
940 4219 1058 4300 Siguor
1075 4217 1206 4292 Granio,
1232 4219 1299 4282 nile

138 4329 199 4394 inc.
218 4329 296 4405 226,
319 4328 395 4392 dnii'
409 4329 552 4411 obbligo.
565 4329 595 4391 di
619 4328 792 4392 confutare
814 4335 900 4392 tutte
922 4329 953 4390 le
977 4329 1225 4392 dimostrazioni
1245 4330 1296 4392 dei

137 4436 205 4521 Sin
219 4437 357 4511 Gniileo‚
382 4438 577 4502 nttcnentin
597 4454 736 4519 provere
759 4455 853 4501 comc
872 4438 949 4520 ogni
969 4436 1076 4519 figura
1092 4432 1159 4518 pun
1174 4437 1299 4519 garten·
