2932 5114
510 383 538 426 ni
566 382 717 429 vincanao
740 383 770 429 ot
793 383 907 430 onaan
1214 368 1278 437 211

148 512 226 575 iiiam
244 507 348 579 peschi
367 523 424 564 non
442 511 503 565 soto
521 511 669 579 apparisce
684 509 738 567 cho
757 512 782 565 ta
803 511 875 567 tatda
890 512 1012 567 ttett'oro
1030 528 1087 569 non
1106 514 1188 570 abbia
1207 531 1291 584 nene

149 615 219 667 nata
237 610 265 665 la
283 608 433 679 superlicio
448 609 594 680 ait'aoqna,
613 624 660 665 ma
677 607 731 667 ohe
750 625 807 665 non
827 608 864 665 ba
881 625 985 667 ancora
1003 610 1180 669 intacoataia
1194 629 1292 683 sopor-

149 708 214 765 tioie
225 709 255 765 di
267 724 371 777 ossone
386 709 446 763 soto
464 708 483 763 t’
495 705 541 773 ha,
561 708 775 779 constipandola
788 726 842 765 oon
861 710 888 766 ta
907 726 958 766 sua
977 711 1096 780 gravita,
1110 712 1257 769 ahbmsata
1275 729 1291 769 o

148 810 215 867 tetta
233 810 328 882 quotie
345 825 414 881 poca
426 810 455 865 di
468 810 571 876 oasin,
586 826 643 866 non
656 811 812 867 altrimenti
826 810 881 868 etis
896 813 921 868 si
938 828 1027 882 seggo
1042 829 1160 882 onerare
1171 812 1292 885 quosne

145 928 214 983 peso
232 911 307 969 assai
326 912 450 968 notabile
478 916 576 982 posato
593 928 677 983 sopra
696 914 722 968 ta
741 914 796 969 tota
814 913 844 969 ot
863 930 902 969 un
921 914 991 970 letto
1008 930 1026 970 a
1046 919 1153 979 vento,
1173 914 1192 969 ii
1210 916 1293 985 quate

142 1008 285 1067 anooroiti
302 1009 416 1067 obbassi
435 1011 462 1066 ta
480 1012 535 1067 teia
553 1026 570 1067 o
589 1012 618 1067 vi
637 1011 724 1067 faceia
744 1028 800 1068 nna
824 1026 895 1082 gran
922 1013 1036 1080 casita,
1065 1019 1148 1069 outre
1164 1015 1193 1069 ia
1209 1016 1292 1085 quate

143 1112 201 1181 egit
218 1112 245 1168 si
263 1112 427 1176 anemone,
456 1112 632 1169 nondimeno
659 1114 716 1182 ogti
736 1129 793 1169 non
813 1112 850 1169 ha
871 1113 964 1171 divisa
982 1116 1009 1170 la
1029 1115 1103 1181 tata,
1122 1115 1187 1171 anai
1204 1114 1293 1171 tinoo

145 1210 200 1271 obe
218 1212 276 1283 egli
294 1228 353 1268 non
371 1212 438 1268 t’na
457 1212 550 1269 divisa
578 1214 608 1269 in
638 1219 708 1269 tutto
728 1230 744 1271 o
762 1231 814 1285 per
832 1219 922 1284 tutto,
941 1215 999 1285 ogii
1016 1230 1074 1271 non
1092 1215 1117 1271 si
1138 1230 1251 1272 innovo.
1269 1216 1293 1271 ii

145 1314 209 1370 dire
236 1312 291 1369 eise
308 1314 366 1383 egti
384 1313 409 1368 si
427 1314 535 1370 ritrova
558 1321 632 1372 sotto
651 1315 678 1370 ia
695 1314 845 1385 superficie
862 1315 910 1371 dei
930 1331 1044 1386 mono,
1075 1332 1132 1371 non
1160 1329 1212 1386 per
1228 1330 1295 1375 noan

143 1413 344 1482 conveniente,
363 1430 396 1471 so
414 1415 489 1471 beno
503 1415 561 1485 ogit
579 1415 727 1486 apparisce
745 1421 819 1472 sotto
837 1416 865 1471 ia
881 1416 1033 1487 superficie
1051 1417 1080 1472 di
1105 1416 1218 1488 quello,
1248 1432 1294 1473 ma

147 1520 315 1571 nonmonta
341 1530 399 1573 nou
418 1516 444 1571 ὁ.
463 1513 578 1582 Quanto
595 1516 651 1570 atta
669 1514 778 1584 figora.
808 1516 864 1573 otta
891 1531 950 1571 non
970 1521 1076 1573 mostra
1094 1517 1166 1572 attro
1188 1534 1220 1573 so
1238 1534 1295 1573 non

121 1694 125 1701 Ι
146 1614 365 1673 aminonens
383 1613 421 1672 ha
439 1616 552 1687 piegato
570 1622 650 1673 tanto
667 1617 695 1672 ta
712 1616 866 1688 soporsseio
885 1618 1059 1690 deti’acqua,
1077 1617 1131 1676 ohe
1149 1617 1205 1675 olla
1221 1623 1296 1675 resta

147 1722 221 1775 sotto
238 1717 259 1772 ii
277 1716 374 1774 tivelto
391 1718 466 1788 degit
485 1719 538 1775 orti
558 1718 587 1773 di
605 1719 683 1777 detta
702 1718 861 1789 superficie,
888 1735 971 1776 nome
989 1720 1014 1776 si
1032 1722 1049 1777 ὸ
1066 1720 1163 1787 dotto;
1180 1736 1213 1777 or
1232 1735 1297 1789 veg-

148 1819 209 1889 gasi
238 1819 293 1877 ohe
320 1820 478 1877 t’assicetla
496 1820 663 1877 deit'ebano
684 1837 740 1877 non
761 1835 796 1876 va
814 1821 843 1877 al
863 1820 947 1877 iondo
978 1820 1083 1892 peschi
1110 1822 1166 1879 eila
1184 1837 1241 1878 non
1260 1820 1296 1877 he

145 1925 217 1979 totto
234 1922 264 1976 ia
281 1920 431 1990 superficie
450 1920 620 1992 deit'acqua.
649 1920 733 1977 0nde
750 1920 770 1977 ὅ
787 1920 857 1977 saiso
875 1919 929 1978 ohe
948 1923 1004 1977 elta
1023 1939 1079 1978 non
1098 1923 1123 1979 si
1146 1921 1295 1991 profondi‚

147 2020 356 2091 pennatam,
375 2019 429 2077 ohe
446 2022 501 2079 etia
520 2022 545 2077 si
565 2023 618 2078 iiia
637 2022 728 2079 dietro
747 2039 798 2093 por
815 2023 844 2079 to
861 2026 986 2080 oontatto
1003 2023 1150 2089 odorante,
1170 2023 1196 2078 ia
1210 2022 1296 2079 taooia

146 2122 279 2179 ‹tivenire
296 2122 431 2191 tenuiora,
452 2122 589 2193 imperoio
605 2138 662 2179 non
684 2124 773 2181 sendo
792 2123 840 2194 pin
859 2123 994 2193 sempiies
1012 2124 1103 2181 enaao
1127 2124 1295 2193 opiombo,

148 2238 195 2279 ma
214 2238 253 2277 nn
272 2228 417 2293 eomposto
433 2223 463 2278 ot
484 2228 562 2279 tanto
581 2224 696 2295 piombo
712 2240 730 2282 e
748 2225 818 2292 sris,
838 2224 892 2282 eho
910 2224 1002 2292 tatia,
1021 2225 1145 2281 essendo
1161 2225 1296 2293 tennione,

148 2322 331 2393 oontnppesi
351 2324 371 2377 ii
389 2337 476 2391 gravo
491 2324 522 2412 *dt
541 2340 615 2381 esso.
635 2323 659 2379 E
678 2329 778 2396 questo
803 2340 854 2393 per
882 2324 967 2381 motte
994 2322 1122 2394 regioni,
1150 2338 1166 2378 e
1194 2322 1295 2392 prima,

148 2421 255 2493 norehe
272 2424 311 2493 gii
329 2424 475 2491 elementi,
495 2426 549 2483 otto
568 2441 619 2495 per
637 2430 763 2481 oontatto
780 2426 915 2482 odorante
944 2431 1080 2493 trangono
1099 2424 1137 2493 gii
1154 2424 1295 2491 merenti,

149 2539 221 2581 sooo
239 2525 358 2596 t'acqua
376 2541 393 2581 e
412 2526 519 2589 t'arin;
538 2523 745 2595 impareioeetn
763 2527 882 2597 i'aeqnn
900 2527 954 2583 tira
971 2524 1077 2592 Paria,
1096 2541 1114 2582 o
1135 2524 1216 2581 i‘aria
1233 2524 1297 2581 i’ao·

148 2638 222 2697 qun
243 2625 272 2680 in
291 2640 491 2691 consegoenaa
508 2641 596 2694 segue
614 2640 719 2682 ancora
738 2624 858 2697 quatohe
878 2625 954 2681 voita
977 2624 997 2679 ii
1015 2625 1173 2681 medesimo
1201 2624 1243 2681 ira
1269 2626 1296 2681 te

147 2740 214 2782 ooso
231 2741 339 2796 aeques
357 2742 374 2783 e
392 2720 523 2795 Paeneo,
543 2744 560 2784 e
578 2728 678 2798 quintii
696 2728 818 2784 avviene
840 2727 894 2784 eine
912 2727 1028 2797 t’aequa
1056 2728 1253 2795 agevoimente
1272 2728 1295 2783 si

147 2825 202 2883 tira
220 2826 250 2883 di
267 2827 453 2897 qnalaivogtia
472 2828 556 2897 luogo
584 2829 749 2885 bossissimo
777 2844 830 2885 oon
859 2829 954 2899 quotie
984 2827 1134 2884 trombetts
1160 2828 1189 2883 di
1218 2834 1296 2882 vetio

146 2926 292 2983 medianto
310 2927 392 2984 t'aria
408 2926 463 2984 eho
482 2929 606 2985 i'onisoe
624 2944 642 2984 a
661 2929 763 2999 queita.
784 2928 808 2983 ii
828 2927 922 2984 simite
940 2928 1062 2984 avviene
1076 2927 1150 2983 dotto
1165 2931 1296 2996 nonnette

145 3027 191 3085 tini
211 3028 315 3085 medici
334 3035 435 3095 ussto,
463 3046 480 3085 e
499 3029 545 3086 dei
564 3029 686 3085 cornotti
706 3030 742 3085 da
761 3033 851 3085 tratre
869 3044 987 3098 sangue.
1006 3028 1030 3083 ii
1049 3026 1103 3083 otte
1123 3044 1209 3098 segue
1236 3043 1295 3096 nor·

147 3124 202 3185 ene
215 3129 340 3183 antias
357 3129 450 3198 quesn
468 3129 525 3185 aue
542 3128 678 3186 anement
697 3128 783 3184 simin
808 3113 1023 3193 antoniana,
1055 3128 1083 3183 n
1110 3127 1193 3197 quan
1221 3125 1296 3183 raeti·

149 3232 247 3285 monte
265 3228 290 3284 si
310 3229 419 3297 unione,
440 3246 570 3299 vongono
590 3237 632 3286 tra
650 3231 679 3285 sii
698 3231 759 3285 toro
778 3244 794 3285 a
812 3229 984 3285 contendere
1002 3228 1207 3298 toennensem,
1226 3243 1243 3281 o
1266 3226 1295 3281 di

147 3330 205 3387 tino
222 3329 305 3401 qnasi
324 3328 405 3387 inrno
423 3347 490 3397 nna,
511 3332 649 3401 impertio
664 3345 796 3399 nengono
814 3344 830 3384 a
850 3329 992 3386 mnoversi
1011 3328 1038 3385 ai
1058 3328 1233 3385 monimento
1259 3328 1297 3382 ai·

149 3429 214 3498 tani,
235 3429 255 3485 it
274 3429 328 3486 etio
349 3447 404 3485 non
426 3433 481 3500 put)
500 3431 613 3501 seguine
632 3433 706 3487 nelta
723 3435 797 3487 terra
816 3446 867 3500 per
886 3446 944 3485 non
963 3444 1049 3487 avere
1068 3429 1125 3485 etia
1142 3429 1248 3499 quatita
1260 3430 1296 3483 si·

146 3530 216 3587 milo
232 3529 340 3585 altaria
357 3546 375 3585 o
392 3530 541 3601 att’acqua
555 3547 572 3587 s
584 3532 833 3600 particolarmente
851 3531 1014 3595 inmittite,
1033 3529 1135 3585 taonde
1153 3529 1179 3584 ie
1198 3544 1295 3597 supen-

146 3629 213 3687 fleie
231 3647 289 3687 non
309 3631 333 3687 si
352 3647 476 3701 nossono
495 3632 589 3699 uniro‚·
609 3650 626 3689 o
645 3633 740 3702 persto
759 3648 817 3688 non
836 3633 861 3689 si
880 3634 935 3702 nuo
955 3633 1041 3687 titane
1067 3630 1231 3699 doti’aequa
1259 3630 1295 3683 ne

147 3730 225 3787 «inita
244 3737 331 3797 terra,
349 3732 472 3787 essendo
490 3732 545 3787 etta
562 3746 668 3788 ancora
681 3732 711 3786 di
731 3748 782 3787 soa
802 3737 903 3788 natura
921 3746 1008 3800 grave
1023 3729 1251 3786 assolutamente.
1263 3726 1292 3781 St

149 3832 286 3901 potrebbe
304 3832 434 3888 dubitare
453 3833 527 3887 «tetta
546 3833 673 3903 potiere,
691 3832 719 3887 le
736 3833 821 3902 quale
839 3832 863 3887 si
885 3832 938 3887 tina
955 3830 1019 3886 colii
1037 3826 1200 3893 sohizzatoi,
1219 3826 1292 3883 ondo

147 3932 329 4003 sipotrobbe
356 3933 473 3989 eredere
501 3931 555 3988 otte
583 3948 689 3989 anoora
710 3934 737 3987 la
756 3936 831 3989 torre
860 3947 915 3987 oon
943 3935 1043 4001 questo
1062 3929 1250 3984 instrumento
1268 3926 1292 3981 si

146 4038 259 4103 potesse
277 4036 405 4090 attratre.
425 4033 461 4087 At
480 4031 534 4088 otte
557 4033 581 4088 si
597 4033 731 4103 risponde
753 4033 807 4089 che
826 4048 884 4087 non
904 4032 920 4085 e
939 4029 1172 4099 sempiioemonte
1190 4026 1218 4081 ia
1237 4027 1294 4095 pot·

147 4148 235 4202 veae.
256 4149 302 4189 ma
320 4133 414 4205 quana
433 4136 587 4191 mesentata
605 4150 659 4189 oon
678 4135 695 4189 t'
707 4133 787 4200 aria,
806 4132 871 4188 anai
892 4130 1028 4189 tirandosi
1046 4130 1063 4184 t·
1074 4128 1134 4183 ania
1154 4143 1190 4183 no
1210 4127 1293 4183 siene

145 4246 252 4291 ancora
277 4233 305 4289 ia
331 4234 447 4304 potiere
464 4249 481 4288 a
499 4234 593 4305 quaita
620 4234 717 4300 unita,
741 4248 792 4302 per
814 4246 893 4287 esser
917 4232 944 4287 ta
963 4230 1078 4301 potnere
1096 4226 1223 4297 leggiora
1243 4242 1293 4297 per

146 4334 294 4393 wotdsato
311 4335 430 4406 rispetto
447 4336 501 4392 atta
521 4340 605 4404 terra,
624 4335 699 4391 ondo
718 4334 811 4406 quotie
831 4333 992 4403 nett'aoqna
1010 4346 1027 4387 e
1047 4327 1173 4386 neit’aria
1192 4328 1293 4398 gnioz-

147 4434 202 4503 ¹35¹»
222 4452 304 4493 oomo
322 4436 440 4493 dinemo.
464 4436 604 4506 Adunque
630 4452 686 4493 non
704 4437 720 4491 t·
740 4433 873 4504 {masinile
892 4430 945 4489 ohe
964 4431 991 4487 ia
1020 4435 1095 4491 terra
1124 4447 1140 4487 o
1169 4430 1196 4487 lo
1224 4444 1290 4483 coso
