2932 5114
517 370 546 416 or
573 369 722 418 vrrcenzo
745 372 775 416 nr
800 342 922 418 onrzn.
1017 343 1021 351 ’
1222 357 1282 421 2⁰1

275 500 371 568 [vagg
391 499 482 569 {tt-³8)
506 496 572 551 Dtro
590 499 735 552 solamente
753 527 777 539 -
797 499 816 551 A
837 499 924 568 quatro

241 600 334 669 Segne
350 588 410 664 orn,
427 596 481 653 ohe
499 597 705 653 consideriomo
724 615 762 653 un
782 598 841 654 solo
860 604 1026 668 argomento
1041 600 1086 656 del
1099 600 1157 669 Sig.
1174 600 1291 663 Golilen.

148 697 202 754 ebe
220 699 301 771 qnasi
321 713 413 753 nuovo
431 687 543 754 ‚t'ehitle
561 696 599 754 hs
616 702 714 768 potnto
735 695 832 767 sugere
852 702 923 753 tutto
941 698 968 754 le
987 699 1095 770 regioni
1107 701 1291 769 d’Aristotile‚

77 776 81 788 ¹
148 800 194 857 del
213 799 272 866 Sig.
293 797 412 865 Golileo
432 796 561 854 chonon
581 813 632 868 per
650 797 800 869 reorterio,
821 811 867 853 mn
886 797 990 867 perone
1009 799 1036 854 ta
1060 800 1176 869 ragione
1207 818 1243 856 ne
1267 805 1293 858 to

146 901 296 971 persuade,
315 899 339 955 si
359 903 438 968 porte
455 898 528 954 delle
545 913 598 954 sne
614 898 746 954 dottrina.
762 897 881 969 liquare
899 898 916 952 e
933 898 962 952 di
982 901 1018 954 tel
1039 901 1176 967 montore,
1191 900 1246 957 ohe
1261 920 1293 959 se

147 1001 250 1055 sleono
267 1000 311 1057 de’
321 1001 411 1057 nostri
429 999 507 1070 eorpi
525 998 691 1056 elementari
710 1013 810 1054 svesso
830 998 957 1054 naturale
985 1000 1173 1057 inclinortone
1192 1003 1218 1058 el
1237 1020 1293 1060 mo

148 1103 276 1158 vimento
292 1103 348 1158 ello
365 1098 590 1167 rimatorem,
620 1099 677 1169 egli
706 1099 755 1170 ρίὺ
784 1101 977 1156 velocemente
995 1102 1019 1156 si
1046 1104 1217 1160 moverebbe
1238 1106 1295 1160 nel·

148 1201 227 1257 l'sris
238 1200 292 1258 ohe
305 1202 471 1272 neterque,
490 1200 613 1257 essendo
630 1214 732 1255 manco
751 1199 909 1255 resisteres
923 1201 952 1255 in
966 1202 1059 1272 quello
1072 1202 1126 1257 che
1140 1204 1168 1258 in
1179 1211 1294 1275 questo,

148 1302 294 1372 provando
312 1303 378 1370 ogni
398 1301 497 1370 giorno
515 1298 568 1356 ohe
585 1314 638 1355 oon
659 1314 760 1354 manco
780 1296 856 1355 toros
874 1299 899 1354 si
918 1316 1022 1356 muove
1051 1317 1106 1356 une
1135 1318 1219 1359 meno
1246 1321 1297 1376 per

147 1401 226 1457 t'orin
245 1399 299 1457 che
318 1417 369 1472 per
386 1401 502 1472 l’aequo.
523 1399 547 1455 ll
566 1398 620 1456 eho
637 1404 743 1470 quanto
770 1399 826 1469 egli
844 1400 861 1454 ὸ
881 1415 968 1468 vero,
998 1405 1075 1456 tanto
1103 1404 1119 1458 e
1148 1402 1216 1458 totso
1243 1403 1297 1462 che

148 1519 203 1557 non
224 1503 248 1559 si
267 1503 339 1561 trovi
357 1503 499 1559 elemento
517 1503 628 1568 elerum,
648 1499 702 1556 ohe
721 1500 769 1571 pir'r
789 1501 983 1559 vetooemente
1002 1519 1058 1559 non
1079 1505 1103 1560 si
1123 1521 1225 1562 muove
1238 1507 1298 1564 net·

149 1603 228 1659 l’oris
245 1603 300 1659 eho
319 1603 494 1675 nell’noqoe.
514 1600 569 1656 Par
587 1601 662 1657 bene
681 1599 735 1657 ohe
753 1601 817 1656 altri
845 1616 928 1672 possa
956 1608 1047 1659 tester
1073 1621 1126 1661 oon
1155 1607 1295 1664 desiderio

147 1703 295 1774 disspero
321 1703 405 1775 quale
432 1703 599 1773 osporienza
628 1701 665 1758 ha
685 1707 781 1772 potuto
808 1707 951 1759 nceertere
971 1702 990 1758 it
1009 1703 1067 1774 Sig.
1086 1703 1215 1775 Golileo,
1244 1708 1298 1765 ohe

150 1805 212 1859 turn
232 1805 270 1874 gli
288 1803 423 1860 elementi
441 1803 466 1858 si
484 1820 608 1859 moovon
628 1804 676 1873 pio
697 1804 786 1860 votoei
807 1803 973 1874 netl’ooque
990 1803 1044 1861 ohe
1064 1806 1208 1873 nell’nrirn
1228 1826 1259 1865 se
1278 1810 1297 1865 il

149 1903 239 1972 froco,
259 1904 313 1962 che
331 1907 391 1961 solo
409 1905 484 1975 degli
504 1905 639 1962 elementi
660 1906 684 1962 st
706 1920 810 1960 rnoove
829 1905 948 1960 nll'insv'r
968 1906 1111 1969 netl’ario,
1136 1909 1299 1983 nett'eoqun
1404 1953 1407 1957 ,

149 2025 204 2064 non
224 2009 248 2063 si
268 2009 323 2078 prro
341 2007 486 2063 ritrovare.
508 2009 528 2063 E
549 2007 603 2064 ohe
627 2007 795 2076 mersvigtia
813 2008 831 2062 e
849 2006 904 2075 egli
923 2005 977 2061 che
995 2009 1073 2063 motti
1092 2010 1169 2079 oorpt
1187 2009 1240 2067 che
1252 2014 1298 2067 not

148 2109 296 2179 veggiemo
315 2109 457 2165 mnoversi
478 2109 675 2165 velocemente
694 2108 865 2178 nell’aoque‚
882 2122 963 2162 come
976 2105 1092 2175 sugheri
1111 2125 1127 2164 e
1146 2110 1216 2167 altre
1234 2127 1299 2168 cose

145 2226 160 2265 s
179 2210 357 2281 predominio
375 2225 469 2277 aereo,
485 2211 633 2280 pervenuti
652 2206 706 2265 ohe
724 2225 795 2264 sono
821 2208 948 2264 netl'nrie
968 2224 1025 2275 non
1044 2209 1068 2264 si
1089 2226 1247 2278 muovono‚
1268 2229 1299 2270 se

146 2311 174 2365 in
194 2326 259 2366 esso
278 2326 330 2364 son
350 2310 439 2378 gravi,
458 2311 522 2366 anzi
542 2311 620 2365 varin
639 2325 752 2372 ancora,
779 2325 860 2365 rome
878 2309 905 2364 ei
924 2309 1105 2378 dimostrato,
1128 2327 1183 2365 non
1196 2314 1222 2379 e,
1240 2329 1301 2383 per·
1332 2317 1334 2323 ’

147 2415 252 2467 renota
271 2410 317 2465 nel
337 2411 451 2480 proprio
469 2411 562 2479 luogo,
583 2425 669 2478 grove
700 2425 782 2466 oome
810 2410 910 2480 primo.
939 2409 976 2465 Se
1002 2410 1117 2482 ‹lonqne
1136 2412 1152 2466 o
1170 2412 1299 2482 impossi-

145 2511 202 2566 nite
220 2508 274 2565 che
293 2506 434 2581 possiamo
453 2510 678 2579 coperimentere
704 2527 759 2564 eon
788 2515 887 2580 questa
915 2509 1104 2580 esperthu,
1125 2527 1156 2566 so
1176 2512 1194 2567 il
1214 2512 1294 2569 tuooo

146 2611 303 2682 nett'oeqne
321 2610 345 2664 si
365 2625 468 2667 muovo
487 2610 534 2679 pir'r
554 2610 748 2666 velocemente
767 2607 822 2665 che
841 2610 978 2675 noueris,
1000 2627 1053 2665 oon
1072 2611 1143 2667 oltra
1161 2613 1255 2669 simite
1271 2615 1296 2670 si

144 2712 225 2782 notre
244 2709 412 2765 dimostrato
431 2710 449 2764 il
470 2709 635 2766 medesimo.
656 2708 759 2764 Chisra
779 2724 844 2764 coss
862 2712 889 2775 e,
910 2706 963 2764 ohe
982 2725 1013 2765 se
1033 2708 1109 2765 tosse
1129 2728 1197 2767 vero
1221 2713 1240 2767 il
1258 2713 1298 2770 di·

142 2826 238 2867 soorso
256 2811 303 2867 del
323 2806 381 2879 Sig.
400 2808 519 2877 (tameo,
541 2810 559 2864 il
580 2809 660 2865 tuoco
679 2810 727 2879 pite
746 2810 940 2865 vetoeemente
959 2809 983 2864 si
1002 2810 1145 2867 dovrebbe
1160 2829 1296 2870 mnovere

145 2912 221 2969 nolle
241 2916 316 2968 terre
333 2910 388 2967 che
406 2911 542 2979 nolletis,
563 2927 613 2981 per
631 2927 727 2966 essere
746 2911 794 2981 pin
813 2911 938 2979 leggiero
951 2912 1075 2967 secondo
1088 2913 1107 2967 il
1124 2928 1174 2966 suo
1197 2914 1297 2983 perere

143 3013 172 3068 in
191 3013 286 3084 quello
304 3010 357 3069 ohe
376 3012 405 3066 in
424 3015 545 3083 questa,
563 3011 682 3067 lnddove
701 3012 747 3066 noi
768 3011 917 3079 veggisroo
946 3011 1000 3067 che
1023 3014 1079 3083 egli
1098 3015 1177 3085 qussi
1199 3015 1294 3086 impri-

144 3113 258 3180 gioneto
277 3113 351 3168 nelle
369 3126 492 3167 coverne
514 3112 586 3167 delta
608 3116 681 3167 terre
701 3113 724 3165 si
744 3112 860 3183 quiete,
884 3115 987 3181 opero
1007 3113 1044 3181 gli
1065 3113 1171 3170 antichi
1191 3114 1295 3172 flssano

143 3213 197 3270 eho
216 3214 225 3269 i
245 3215 323 3269 venti
342 3218 468 3296 stessero
488 3214 589 3268 serrati
610 3213 683 3270 nette
703 3214 812 3269 viscere
833 3213 906 3268 delle
927 3219 1020 3281 terro,
1041 3205 1131 3271 ‘come
1154 3219 1220 3289 quei
1240 3216 1294 3274 ohe

143 3331 213 3370 sono
232 3313 385 3370 esstezioni
403 3314 485 3370 coldo
504 3329 521 3369 e
540 3311 652 3380 senche,
672 3313 725 3368 ohe
747 3315 836 3369 molto
864 3315 890 3368 ol
920 3312 1000 3370 suooo
1027 3316 1295 3385 s'avviotneno,1e

60 3487 63 3492 .
140 3415 216 3486 quali
234 3414 360 3470 escendo
378 3414 451 3470 delle
470 3429 593 3470 coverne
612 3415 640 3468 di
660 3430 744 3479 essa,
765 3415 900 3469 netl'oria
920 3431 974 3469 eon
996 3430 1065 3482 gron
1088 3433 1243 3472 reomense
1267 3418 1292 3473 si

144 3530 293 3572 moovono.
313 3516 455 3588 Adeoque
474 3532 505 3571 so
527 3516 564 3585 gti
593 3516 727 3570 elementi
747 3516 866 3585 leggieri
887 3518 936 3587 pin
958 3517 1153 3572 velocemente
1173 3517 1196 3572 si
1216 3533 1294 3572 mno-

143 3634 218 3673 vono
236 3618 283 3673 nei
302 3616 393 3673 mezzi
412 3617 460 3686 pits
478 3618 550 3682 reri,
569 3615 623 3672 ohe
644 3617 688 3671 nei
709 3616 755 3686 pin
775 3617 856 3672 densi
877 3634 932 3671 non
955 3616 1060 3683 tnnno,
1080 3620 1221 3686 evrerrr'r,
1241 3633 1292 3688 per

142 3722 306 3789 argomento
323 3717 370 3773 det
388 3718 539 3784 contrario,
560 3715 700 3787 ch’egttno
719 3717 823 3772 ahbino
840 3719 967 3773 naturale
981 3717 1200 3773 inclinationes
1215 3732 1291 3775 muo·

143 3819 218 3875 versi
235 3818 365 3874 ell'insr'r.
385 3819 410 3873 ΙΙ
427 3817 491 3885 che,
512 3835 543 3874 se
561 3819 580 3873 il
600 3816 681 3873 tnooo
700 3818 723 3872 si
745 3824 856 3887 potesse
877 3817 996 3872 ritrovor
1015 3817 1195 3889 miraeque,
1215 3816 1291 3873 ehie-

142 3919 352 4001 rissimsmente
370 3920 395 3976 si
415 3920 565 3977 vedrebbe.
581 3920 680 3990 Voglio
697 3919 853 3975 concedere
872 3919 897 3973 at
912 3919 968 3987 Sig.
983 3917 1091 3973 tialiteo
1110 3917 1164 3974 che
1179 3919 1286 3975 lerose

143 4021 185 4075 ne'
199 4021 289 4075 mezzi
310 4021 358 4090 piv'r
376 4022 433 4076 reri
453 4021 500 4091 pir'r
520 4021 714 4077 velocemente
734 4022 757 4075 si
778 4021 931 4086 muovino‚
960 4019 1162 4074 avvertendolo
1189 4036 1221 4075 se
1248 4035 1291 4075 se·

143 4135 233 4176 rsnno
251 4120 279 4175 di
299 4123 397 4191 egoale
417 4123 616 4178 inclinezione.
637 4122 660 4176 E
680 4124 775 4193 peroio
794 4139 825 4177 se
845 4121 1022 4176 t'esatazioni
1053 4121 1134 4176 oeldo
1153 4138 1170 4177 e
1188 4120 1291 4178 sooohe

144 4218 250 4276 tossino
268 4222 333 4277 nell'
345 4238 443 4294 orgus,
465 4224 488 4278 st
509 4224 717 4278 moverehbono
737 4223 784 4293 pin
804 4224 894 4278 veloci
907 4222 972 4276 dell'
984 4222 1052 4277 erio.
1072 4219 1096 4275 E
1116 4221 1291 4279 simitrnente

143 4316 164 4369 si
183 4318 239 4386 pun
256 4318 414 4374 concedere
431 4316 485 4372 ohe
503 4318 674 4376 l’esalezioni
696 4321 718 4374 si
740 4320 873 4375 muovino
894 4320 940 4390 piv'r
962 4320 1031 4374 tardi
1054 4321 1213 4391 portaria,
1236 4320 1290 4379 ohe

143 4429 197 4470 non
217 4417 244 4471 ts
262 4419 355 4489 quello
375 4434 424 4488 per
443 4420 568 4489 l’eeqna.
589 4417 613 4471 0
632 4421 651 4474 n
672 4419 806 4489 negherei
834 4421 889 4475 nen
914 4421 939 4474 tn
959 4437 1165 4487 consegrrenrn.
1193 4423 1289 4477 ⁴setun·

265 4516 390 4572 Gsnrreo
409 4516 538 4575 Grvnsev.
557 4549 590 4559 -
609 4518 641 4572 Τ.
660 4519 726 4575 KH:
1131 4527 1165 4575 26
