<?xml version="1.0" encoding="UTF-8"?>
<!DOCTYPE html PUBLIC "-//W3C//DTD XHTML 1.0 Transitional//EN"
    "http://www.w3.org/TR/xhtml1/DTD/xhtml1-transitional.dtd">
<html xmlns="http://www.w3.org/1999/xhtml" xml:lang="en" lang="en">
 <head>
  <title>
</title>
<meta http-equiv="Content-Type" content="text/html;charset=utf-8" />
  <meta name='ocr-system' content='tesseract 3.04.00' />
  <meta name='ocr-capabilities' content='ocr_page ocr_carea ocr_par ocr_line ocrx_word'/>
</head>
<body>
  <div class='ocr_page' id='page_1' title='image "./leoperedigalile04galigoog/leoperedigalile04galigoog_0296.png"; bbox 0 0 2932 5114; ppageno 0'>
   <div class='ocr_carea' id='block_1_1' title="bbox 488 383 1320 451">
    <p class='ocr_par' dir='ltr' id='par_1_1' title="bbox 488 383 1320 451">
     <span class='ocr_line' id='line_1_1' title="bbox 488 383 1320 451; baseline 0.02 -19"><span class='ocrx_word' id='word_1_1' title='bbox 488 390 507 432; x_wconf 75' lang='lat' dir='ltr'><strong>a</strong></span> <span class='ocrx_word' id='word_1_2' title='bbox 528 387 681 434; x_wconf 78' lang='lat' dir='ltr'><strong>iooovroo</strong></span> <span class='ocrx_word' id='word_1_3' title='bbox 699 390 801 437; x_wconf 76' lang='lat' dir='ltr'><strong>oreis</strong></span> <span class='ocrx_word' id='word_1_4' title='bbox 820 392 973 441; x_wconf 74' lang='lat' dir='ltr'><strong>coaonae.</strong></span> <span class='ocrx_word' id='word_1_5' title='bbox 1258 383 1320 451; x_wconf 74' lang='lat'><strong>281</strong></span> 
     </span>
    </p>
   </div>
   <div class='ocr_carea' id='block_1_2' title="bbox 137 501 1327 4412">
    <p class='ocr_par' dir='ltr' id='par_1_2' title="bbox 145 501 1327 1795">
     <span class='ocr_line' id='line_1_2' title="bbox 151 501 1323 601; baseline 0.017 -35"><span class='ocrx_word' id='word_1_6' title='bbox 151 520 209 585; x_wconf 80' lang='lat' dir='ltr'><strong>per</strong></span> <span class='ocrx_word' id='word_1_7' title='bbox 232 504 380 568; x_wconf 83' lang='lat' dir='ltr'><strong>ritrovar</strong></span> <span class='ocrx_word' id='word_1_8' title='bbox 400 501 559 570; x_wconf 77' lang='lat' dir='ltr'><strong>laveritis</strong></span> <span class='ocrx_word' id='word_1_9' title='bbox 581 507 644 570; x_wconf 86' lang='lat' dir='ltr'><strong>che</strong></span> <span class='ocrx_word' id='word_1_10' title='bbox 667 509 695 572; x_wconf 87' lang='lat' dir='ltr'><strong>si</strong></span> <span class='ocrx_word' id='word_1_11' title='bbox 719 511 849 576; x_wconf 85' lang='lat' dir='ltr'><strong>ricerca</strong></span> <span class='ocrx_word' id='word_1_12' title='bbox 867 514 953 578; x_wconf 77' lang='lat' dir='ltr'><strong>neila</strong></span> <span class='ocrx_word' id='word_1_13' title='bbox 970 524 1119 596; x_wconf 76' lang='lat' dir='ltr'>presente</span> <span class='ocrx_word' id='word_1_14' title='bbox 1137 519 1281 601; x_wconf 81' lang='lat' dir='ltr'><strong>disputa.</strong></span> <span class='ocrx_word' id='word_1_15' title='bbox 1297 524 1323 586; x_wconf 87' lang='lat' dir='ltr'>E</span> 
     </span>
     <span class='ocr_line' id='line_1_3' title="bbox 149 608 1322 702; baseline 0.014 -25"><span class='ocrx_word' id='word_1_16' title='bbox 149 608 219 677; x_wconf 87' lang='lat' dir='ltr'><strong>oosi</strong></span> <span class='ocrx_word' id='word_1_17' title='bbox 245 612 457 696; x_wconf 75' lang='lat' dir='ltr'><strong>guadagnate</strong></span> <span class='ocrx_word' id='word_1_18' title='bbox 479 620 595 695; x_wconf 88' lang='lat' dir='ltr'><strong>queste</strong></span> <span class='ocrx_word' id='word_1_19' title='bbox 617 618 840 690; x_wconf 79' lang='lat' dir='ltr'><strong>conclusioni,</strong></span> <span class='ocrx_word' id='word_1_20' title='bbox 869 624 1002 702; x_wconf 81' lang='lat' dir='ltr'><strong>quando</strong></span> <span class='ocrx_word' id='word_1_21' title='bbox 1032 627 1078 688; x_wconf 88' lang='lat' dir='ltr'><strong>mi</strong></span> <span class='ocrx_word' id='word_1_22' title='bbox 1102 644 1245 693; x_wconf 86' lang='lat' dir='ltr'><strong>saranno</strong></span> <span class='ocrx_word' id='word_1_23' title='bbox 1266 630 1322 694; x_wconf 84' lang='lat' dir='ltr'><strong>dai</strong></span> 
     </span>
     <span class='ocr_line' id='line_1_4' title="bbox 148 719 1325 820; baseline 0.013 -33"><span class='ocrx_word' id='word_1_24' title='bbox 148 719 221 804; x_wconf 73' lang='lat' dir='ltr'><strong>Sig.</strong></span> <span class='ocrx_word' id='word_1_25' title='bbox 239 720 400 789; x_wconf 82' lang='lat' dir='ltr'><strong>Cotombo</strong></span> <span class='ocrx_word' id='word_1_26' title='bbox 423 730 577 805; x_wconf 84' lang='lat' dir='ltr'><strong>proposte</strong></span> <span class='ocrx_word' id='word_1_27' title='bbox 599 726 630 789; x_wconf 84' lang='lat' dir='ltr'><strong>ie</strong></span> <span class='ocrx_word' id='word_1_28' title='bbox 654 728 813 791; x_wconf 84' lang='lat' dir='ltr'><strong>tavoletto</strong></span> <span class='ocrx_word' id='word_1_29' title='bbox 837 726 894 809; x_wconf 80' lang='lat' dir='ltr'><strong>piri</strong></span> <span class='ocrx_word' id='word_1_30' title='bbox 918 734 1014 813; x_wconf 81' lang='lat' dir='ltr'><strong>gravi</strong></span> <span class='ocrx_word' id='word_1_31' title='bbox 1035 735 1109 798; x_wconf 86' lang='lat' dir='ltr'><strong>deli’</strong></span> <span class='ocrx_word' id='word_1_32' title='bbox 1122 753 1229 817; x_wconf 85' lang='lat' dir='ltr'><strong>aequa</strong></span> <span class='ocrx_word' id='word_1_33' title='bbox 1252 738 1325 820; x_wconf 77' lang='lat' dir='ltr'><strong>gal-</strong></span> 
     </span>
     <span class='ocr_line' id='line_1_5' title="bbox 149 830 1326 912; baseline 0.017 -21"><span class='ocrx_word' id='word_1_34' title='bbox 149 830 312 912; x_wconf 73' lang='lat' dir='ltr'><strong>ieggianti</strong></span> <span class='ocrx_word' id='word_1_35' title='bbox 337 831 372 895; x_wconf 89' lang='lat' dir='ltr'><strong>in</strong></span> <span class='ocrx_word' id='word_1_36' title='bbox 395 831 524 912; x_wconf 83' lang='lat' dir='ltr'><strong>quella.</strong></span> <span class='ocrx_word' id='word_1_37' title='bbox 543 832 745 899; x_wconf 66' lang='lat' dir='ltr'><strong>concludere</strong></span> <span class='ocrx_word' id='word_1_38' title='bbox 762 839 1061 905; x_wconf 82' lang='lat' dir='ltr'><strong>neeessariamente</strong></span> <span class='ocrx_word' id='word_1_39' title='bbox 1079 843 1141 907; x_wconf 85' lang='lat' dir='ltr'><strong>che</strong></span> <span class='ocrx_word' id='word_1_40' title='bbox 1156 847 1264 910; x_wconf 82' lang='lat' dir='ltr'><strong>ootale</strong></span> <span class='ocrx_word' id='word_1_41' title='bbox 1278 848 1326 910; x_wconf 80' lang='lat' dir='ltr'><strong>es·</strong></span> 
     </span>
     <span class='ocr_line' id='line_1_6' title="bbox 148 937 1326 1034; baseline 0.014 -31"><span class='ocrx_word' id='word_1_42' title='bbox 148 938 233 1005; x_wconf 75' lang='lat' dir='ltr'><strong>ietto</strong></span> <span class='ocrx_word' id='word_1_43' title='bbox 255 958 321 1005; x_wconf 84' lang='lat' dir='ltr'><strong>noo</strong></span> <span class='ocrx_word' id='word_1_44' title='bbox 346 937 412 1022; x_wconf 78' lang='lat' dir='ltr'><strong>pao</strong></span> <span class='ocrx_word' id='word_1_45' title='bbox 435 959 571 1005; x_wconf 84' lang='lat' dir='ltr'><strong>nascere</strong></span> <span class='ocrx_word' id='word_1_46' title='bbox 594 943 845 1026; x_wconf 82' lang='lat' dir='ltr'><strong>dall&#39;ampiezza</strong></span> <span class='ocrx_word' id='word_1_47' title='bbox 864 946 952 1011; x_wconf 85' lang='lat' dir='ltr'><strong>detta</strong></span> <span class='ocrx_word' id='word_1_48' title='bbox 971 949 1093 1031; x_wconf 79' lang='lat' dir='ltr'><strong>figura,</strong></span> <span class='ocrx_word' id='word_1_49' title='bbox 1111 953 1326 1034; x_wconf 81' lang='lat' dir='ltr'><strong>impotentoa</strong></span> 
     </span>
     <span class='ocr_line' id='line_1_7' title="bbox 146 1049 1326 1139; baseline 0.012 -24"><span class='ocrx_word' id='word_1_50' title='bbox 146 1051 302 1116; x_wconf 77' lang='lat' dir='ltr'><strong>dividere</strong></span> <span class='ocrx_word' id='word_1_51' title='bbox 320 1051 344 1114; x_wconf 93' lang='grc'><strong>11</strong></span> <span class='ocrx_word' id='word_1_52' title='bbox 361 1067 485 1128; x_wconf 86' lang='lat' dir='ltr'><strong>mezzo,</strong></span> <span class='ocrx_word' id='word_1_53' title='bbox 508 1049 681 1117; x_wconf 80' lang='lat' dir='ltr'><strong>erendero</strong></span> <span class='ocrx_word' id='word_1_54' title='bbox 696 1056 807 1135; x_wconf 81' lang='lat' dir='ltr'><strong>grazie</strong></span> <span class='ocrx_word' id='word_1_55' title='bbox 824 1056 856 1118; x_wconf 90' lang='lat' dir='ltr'><strong>al</strong></span> <span class='ocrx_word' id='word_1_56' title='bbox 877 1056 945 1139; x_wconf 78' lang='lat' dir='ltr'><strong>Sig.</strong></span> <span class='ocrx_word' id='word_1_57' title='bbox 963 1056 1103 1135; x_wconf 84' lang='lat' dir='ltr'><strong>Galiloo,</strong></span> <span class='ocrx_word' id='word_1_58' title='bbox 1122 1061 1183 1124; x_wconf 85' lang='lat' dir='ltr'><strong>cire</strong></span> <span class='ocrx_word' id='word_1_59' title='bbox 1202 1063 1246 1127; x_wconf 83' lang='lat' dir='ltr'><strong>ha</strong></span> <span class='ocrx_word' id='word_1_60' title='bbox 1263 1082 1326 1129; x_wconf 83' lang='lat' dir='ltr'><strong>av-</strong></span> 
     </span>
     <span class='ocr_line' id='line_1_8' title="bbox 149 1156 1327 1251; baseline 0.009 -28"><span class='ocrx_word' id='word_1_61' title='bbox 149 1160 274 1223; x_wconf 87' lang='lat' dir='ltr'><strong>vertita</strong></span> <span class='ocrx_word' id='word_1_62' title='bbox 299 1159 331 1222; x_wconf 86' lang='lat' dir='ltr'><strong>ia</strong></span> <span class='ocrx_word' id='word_1_63' title='bbox 355 1177 436 1224; x_wconf 85' lang='lat' dir='ltr'><strong>vera</strong></span> <span class='ocrx_word' id='word_1_64' title='bbox 454 1161 605 1242; x_wconf 76' lang='lat' dir='ltr'><strong>ragione,</strong></span> <span class='ocrx_word' id='word_1_65' title='bbox 621 1156 694 1224; x_wconf 77' lang='lat' dir='ltr'><strong>oioe</strong></span> <span class='ocrx_word' id='word_1_66' title='bbox 709 1161 742 1224; x_wconf 88' lang='lat' dir='ltr'><strong>la</strong></span> <span class='ocrx_word' id='word_1_67' title='bbox 759 1161 954 1244; x_wconf 78' lang='lat' dir='ltr'><strong>leggerezza</strong></span> <span class='ocrx_word' id='word_1_68' title='bbox 972 1163 1131 1240; x_wconf 85' lang='lat' dir='ltr'><strong>deil&#39;aria‚</strong></span> <span class='ocrx_word' id='word_1_69' title='bbox 1147 1171 1327 1251; x_wconf 71' lang='lat' dir='ltr'>congiunta</span> 
     </span>
     <span class='ocr_line' id='line_1_9' title="bbox 146 1267 1326 1351; baseline 0.009 -21"><span class='ocrx_word' id='word_1_70' title='bbox 146 1268 238 1331; x_wconf 84' lang='lat' dir='ltr'><strong>coila</strong></span> <span class='ocrx_word' id='word_1_71' title='bbox 262 1267 422 1331; x_wconf 86' lang='lat' dir='ltr'><strong>tavoletta</strong></span> <span class='ocrx_word' id='word_1_72' title='bbox 445 1273 532 1333; x_wconf 87' lang='lat' dir='ltr'><strong>sotto</strong></span> <span class='ocrx_word' id='word_1_73' title='bbox 556 1268 581 1331; x_wconf 93' lang='grc'><strong>11</strong></span> <span class='ocrx_word' id='word_1_74' title='bbox 610 1268 722 1332; x_wconf 85' lang='lat' dir='ltr'><strong>liveilo</strong></span> <span class='ocrx_word' id='word_1_75' title='bbox 751 1268 960 1351; x_wconf 61' lang='lat' dir='ltr'><strong>deitasque,</strong></span> <span class='ocrx_word' id='word_1_76' title='bbox 981 1289 1059 1336; x_wconf 87' lang='lat' dir='ltr'><strong>cosa</strong></span> <span class='ocrx_word' id='word_1_77' title='bbox 1083 1290 1148 1338; x_wconf 88' lang='lat' dir='ltr'><strong>non</strong></span> <span class='ocrx_word' id='word_1_78' title='bbox 1173 1277 1238 1339; x_wconf 90' lang='lat' dir='ltr'><strong>mai</strong></span> <span class='ocrx_word' id='word_1_79' title='bbox 1264 1295 1326 1341; x_wconf 86' lang='lat' dir='ltr'><strong>no·</strong></span> 
     </span>
     <span class='ocr_line' id='line_1_10' title="bbox 147 1377 1325 1454; baseline 0.011 -13"><span class='ocrx_word' id='word_1_80' title='bbox 147 1383 221 1441; x_wconf 79' lang='lat' dir='ltr'><strong>tata</strong></span> <span class='ocrx_word' id='word_1_81' title='bbox 240 1377 283 1442; x_wconf 85' lang='lat' dir='ltr'><strong>da</strong></span> <span class='ocrx_word' id='word_1_82' title='bbox 300 1395 422 1443; x_wconf 88' lang='lat' dir='ltr'><strong>nessun</strong></span> <span class='ocrx_word' id='word_1_83' title='bbox 444 1378 542 1453; x_wconf 79' lang='lat' dir='ltr'><strong>altro,</strong></span> <span class='ocrx_word' id='word_1_84' title='bbox 558 1396 577 1441; x_wconf 92' lang='lat' dir='ltr'><strong>e</strong></span> <span class='ocrx_word' id='word_1_85' title='bbox 594 1396 654 1442; x_wconf 91' lang='lat' dir='ltr'><strong>ora</strong></span> <span class='ocrx_word' id='word_1_86' title='bbox 672 1379 715 1443; x_wconf 88' lang='lat' dir='ltr'><strong>da</strong></span> <span class='ocrx_word' id='word_1_87' title='bbox 731 1379 780 1444; x_wconf 89' lang='lat' dir='ltr'><strong>lui</strong></span> <span class='ocrx_word' id='word_1_88' title='bbox 798 1385 960 1446; x_wconf 86' lang='lat' dir='ltr'><strong>mostrata</strong></span> <span class='ocrx_word' id='word_1_89' title='bbox 982 1399 1049 1447; x_wconf 89' lang='lat' dir='ltr'><strong>non</strong></span> <span class='ocrx_word' id='word_1_90' title='bbox 1069 1402 1165 1450; x_wconf 86' lang='lat' dir='ltr'><strong>meno</strong></span> <span class='ocrx_word' id='word_1_91' title='bbox 1181 1387 1213 1450; x_wconf 82' lang='lat' dir='ltr'><strong>ai</strong></span> <span class='ocrx_word' id='word_1_92' title='bbox 1229 1405 1325 1454; x_wconf 86' lang='lat' dir='ltr'><strong>senso</strong></span> 
     </span>
     <span class='ocr_line' id='line_1_11' title="bbox 145 1485 1326 1569; baseline 0.011 -18"><span class='ocrx_word' id='word_1_93' title='bbox 145 1485 447 1569; x_wconf 80' lang='lat' dir='ltr'><strong>ooii&#39;esperienzs,</strong></span> <span class='ocrx_word' id='word_1_94' title='bbox 480 1487 542 1551; x_wconf 83' lang='lat' dir='ltr'><strong>ohe</strong></span> <span class='ocrx_word' id='word_1_95' title='bbox 578 1487 810 1553; x_wconf 84' lang='lat' dir='ltr'><strong>alt&#39;inteiletto</strong></span> <span class='ocrx_word' id='word_1_96' title='bbox 832 1505 896 1552; x_wconf 86' lang='lat' dir='ltr'><strong>oon</strong></span> <span class='ocrx_word' id='word_1_97' title='bbox 920 1490 1010 1554; x_wconf 86' lang='lat' dir='ltr'><strong>saide</strong></span> <span class='ocrx_word' id='word_1_98' title='bbox 1037 1509 1056 1554; x_wconf 85' lang='lat' dir='ltr'><strong>e</strong></span> <span class='ocrx_word' id='word_1_99' title='bbox 1079 1494 1182 1558; x_wconf 84' lang='lat' dir='ltr'><strong>sottiti</strong></span> <span class='ocrx_word' id='word_1_100' title='bbox 1218 1497 1326 1563; x_wconf 83' lang='lat' dir='ltr'><strong>dimo-</strong></span> 
     </span>
     <span class='ocr_line' id='line_1_12' title="bbox 146 1596 324 1661; baseline -0.006 0"><span class='ocrx_word' id='word_1_101' title='bbox 146 1596 324 1661; x_wconf 78' lang='lat' dir='ltr'><strong>struioni.</strong></span> 
     </span>
     <span class='ocr_line' id='line_1_13' title="bbox 317 1706 1076 1795; baseline 0.009 -23"><span class='ocrx_word' id='word_1_102' title='bbox 317 1706 389 1795; x_wconf 85' lang='lat' dir='ltr'><strong>(ivi)</strong></span> <span class='ocrx_word' id='word_1_103' title='bbox 415 1710 502 1773; x_wconf 79' lang='lat' dir='ltr'><strong>Aozi</strong></span> <span class='ocrx_word' id='word_1_104' title='bbox 523 1713 584 1784; x_wconf 79' lang='lat' dir='ltr'><strong>voi,</strong></span> <span class='ocrx_word' id='word_1_105' title='bbox 609 1709 678 1792; x_wconf 68' lang='lat' dir='ltr'><strong>Sis.</strong></span> <span class='ocrx_word' id='word_1_106' title='bbox 696 1709 824 1788; x_wconf 80' lang='lat' dir='ltr'><strong>Gatiteo,</strong></span> <span class='ocrx_word' id='word_1_107' title='bbox 846 1712 1011 1795; x_wconf 72' lang='lat' dir='ltr'><strong>offirmato</strong></span> <span class='ocrx_word' id='word_1_108' title='bbox 1034 1734 1076 1779; x_wconf 83' lang='lat' dir='ltr'><strong>er.</strong></span> 
     </span>
    </p>

    <p class='ocr_par' dir='ltr' id='par_1_3' title="bbox 142 1815 1325 3102">
     <span class='ocr_line' id='line_1_14' title="bbox 247 1815 1321 1911; baseline 0.009 -27"><span class='ocrx_word' id='word_1_109' title='bbox 247 1817 320 1884; x_wconf 86' lang='lat' dir='ltr'><strong>Non</strong></span> <span class='ocrx_word' id='word_1_110' title='bbox 344 1815 364 1882; x_wconf 75' lang='lat' dir='ltr'><strong>e</strong></span> <span class='ocrx_word' id='word_1_111' title='bbox 385 1837 466 1884; x_wconf 84' lang='lat' dir='ltr'><strong>vero</strong></span> <span class='ocrx_word' id='word_1_112' title='bbox 480 1821 542 1885; x_wconf 82' lang='lat' dir='ltr'><strong>ohe</strong></span> <span class='ocrx_word' id='word_1_113' title='bbox 557 1822 580 1885; x_wconf 88' lang='grc'><strong>11</strong></span> <span class='ocrx_word' id='word_1_114' title='bbox 596 1822 662 1904; x_wconf 78' lang='lat' dir='ltr'><strong>Sig.</strong></span> <span class='ocrx_word' id='word_1_115' title='bbox 681 1821 810 1888; x_wconf 79' lang='lat' dir='ltr'><strong>GaiiIeo</strong></span> <span class='ocrx_word' id='word_1_116' title='bbox 826 1823 903 1887; x_wconf 84' lang='lat' dir='ltr'><strong>dica</strong></span> <span class='ocrx_word' id='word_1_117' title='bbox 919 1823 940 1887; x_wconf 86' lang='grc'><strong>1’</strong></span> <span class='ocrx_word' id='word_1_118' title='bbox 952 1827 1081 1901; x_wconf 80' lang='lat' dir='ltr'><strong>istesso,</strong></span> <span class='ocrx_word' id='word_1_119' title='bbox 1098 1823 1139 1891; x_wconf 77' lang='lat' dir='ltr'><strong>ne</strong></span> <span class='ocrx_word' id='word_1_120' title='bbox 1153 1829 1215 1892; x_wconf 86' lang='lat' dir='ltr'><strong>ohe</strong></span> <span class='ocrx_word' id='word_1_121' title='bbox 1229 1831 1321 1911; x_wconf 87' lang='lat' dir='ltr'><strong>quivi</strong></span> 
     </span>
     <span class='ocr_line' id='line_1_15' title="bbox 146 1924 1325 2019; baseline 0.008 -26"><span class='ocrx_word' id='word_1_122' title='bbox 146 1928 175 1993; x_wconf 83' lang='lat' dir='ltr'><strong>si</strong></span> <span class='ocrx_word' id='word_1_123' title='bbox 189 1929 295 2007; x_wconf 41' lang='lat' dir='ltr'><strong>,tratti</strong></span> <span class='ocrx_word' id='word_1_124' title='bbox 319 1924 441 2014; x_wconf 80' lang='lat' dir='ltr'><strong>(come</strong></span> <span class='ocrx_word' id='word_1_125' title='bbox 465 1931 532 1994; x_wconf 86' lang='lat' dir='ltr'><strong>dite</strong></span> <span class='ocrx_word' id='word_1_126' title='bbox 558 1927 634 2015; x_wconf 82' lang='lat' dir='ltr'><strong>voi)</strong></span> <span class='ocrx_word' id='word_1_127' title='bbox 660 1930 734 1994; x_wconf 85' lang='lat' dir='ltr'><strong>deli’</strong></span> <span class='ocrx_word' id='word_1_128' title='bbox 747 1933 946 2013; x_wconf 72' lang='lat' dir='ltr'><strong>operationi·</strong></span> <span class='ocrx_word' id='word_1_129' title='bbox 960 1933 1046 1998; x_wconf 85' lang='lat' dir='ltr'><strong>dello</strong></span> <span class='ocrx_word' id='word_1_130' title='bbox 1074 1935 1182 2019; x_wconf 80' lang='lat' dir='ltr'><strong>figure</strong></span> <span class='ocrx_word' id='word_1_131' title='bbox 1209 1945 1325 2003; x_wconf 84' lang='lat' dir='ltr'><strong>contro</strong></span> 
     </span>
     <span class='ocr_line' id='line_1_16' title="bbox 149 2036 1321 2121; baseline 0.007 -20"><span class='ocrx_word' id='word_1_132' title='bbox 149 2036 217 2101; x_wconf 82' lang='lat' dir='ltr'><strong>ailo</strong></span> <span class='ocrx_word' id='word_1_133' title='bbox 242 2044 331 2101; x_wconf 86' lang='lat' dir='ltr'><strong>staro</strong></span> <span class='ocrx_word' id='word_1_134' title='bbox 354 2055 376 2101; x_wconf 92' lang='lat' dir='ltr'><strong>a</strong></span> <span class='ocrx_word' id='word_1_135' title='bbox 401 2038 489 2121; x_wconf 81' lang='lat' dir='ltr'><strong>gaila</strong></span> <span class='ocrx_word' id='word_1_136' title='bbox 513 2057 532 2101; x_wconf 88' lang='lat' dir='ltr'><strong>e</strong></span> <span class='ocrx_word' id='word_1_137' title='bbox 554 2038 586 2101; x_wconf 92' lang='grc' dir='ltr'><strong>Ιο</strong></span> <span class='ocrx_word' id='word_1_138' title='bbox 601 2044 690 2102; x_wconf 86' lang='lat' dir='ltr'><strong>stare</strong></span> <span class='ocrx_word' id='word_1_139' title='bbox 713 2055 732 2101; x_wconf 91' lang='lat' dir='ltr'><strong>a</strong></span> <span class='ocrx_word' id='word_1_140' title='bbox 755 2038 866 2113; x_wconf 79' lang='lat' dir='ltr'><strong>fondo,</strong></span> <span class='ocrx_word' id='word_1_141' title='bbox 885 2040 1071 2120; x_wconf 80' lang='lat' dir='ltr'><strong>perlandosi</strong></span> <span class='ocrx_word' id='word_1_142' title='bbox 1089 2043 1271 2108; x_wconf 84' lang='lat' dir='ltr'><strong>solamento</strong></span> <span class='ocrx_word' id='word_1_143' title='bbox 1288 2046 1321 2109; x_wconf 90' lang='lat' dir='ltr'><strong>di</strong></span> 
     </span>
     <span class='ocr_line' id='line_1_17' title="bbox 149 2145 1324 2229; baseline 0.003 -18"><span class='ocrx_word' id='word_1_144' title='bbox 149 2145 227 2228; x_wconf 72' lang='lat' dir='ltr'><strong>quel</strong></span> <span class='ocrx_word' id='word_1_145' title='bbox 252 2146 315 2210; x_wconf 85' lang='lat' dir='ltr'><strong>ohe</strong></span> <span class='ocrx_word' id='word_1_146' title='bbox 339 2148 431 2229; x_wconf 86' lang='lat' dir='ltr'><strong>operi</strong></span> <span class='ocrx_word' id='word_1_147' title='bbox 454 2148 487 2210; x_wconf 86' lang='lat' dir='ltr'><strong>ta</strong></span> <span class='ocrx_word' id='word_1_148' title='bbox 511 2146 621 2228; x_wconf 82' lang='lat' dir='ltr'><strong>figura</strong></span> <span class='ocrx_word' id='word_1_149' title='bbox 643 2147 735 2210; x_wconf 85' lang='lat' dir='ltr'><strong>circa</strong></span> <span class='ocrx_word' id='word_1_150' title='bbox 758 2147 781 2210; x_wconf 89' lang='grc'><strong>11</strong></span> <span class='ocrx_word' id='word_1_151' title='bbox 808 2147 902 2210; x_wconf 83' lang='lat' dir='ltr'><strong>tardo</strong></span> <span class='ocrx_word' id='word_1_152' title='bbox 924 2164 945 2209; x_wconf 94' lang='lat' dir='ltr'><strong>o</strong></span> <span class='ocrx_word' id='word_1_153' title='bbox 969 2147 1093 2221; x_wconf 84' lang='lat' dir='ltr'>veloce,</span> <span class='ocrx_word' id='word_1_154' title='bbox 1114 2149 1199 2214; x_wconf 85' lang='lat' dir='ltr'><strong>dove</strong></span> <span class='ocrx_word' id='word_1_155' title='bbox 1223 2147 1241 2214; x_wconf 76' lang='grc' dir='ltr'><strong>ὸ</strong></span> <span class='ocrx_word' id='word_1_156' title='bbox 1264 2169 1324 2215; x_wconf 89' lang='lat' dir='ltr'><strong>ne·</strong></span> 
     </span>
     <span class='ocr_line' id='line_1_18' title="bbox 147 2251 1322 2339; baseline 0.001 -17"><span class='ocrx_word' id='word_1_157' title='bbox 147 2258 297 2322; x_wconf 78' lang='lat' dir='ltr'><strong>cessaria</strong></span> <span class='ocrx_word' id='word_1_158' title='bbox 322 2256 355 2320; x_wconf 85' lang='lat' dir='ltr'><strong>la</strong></span> <span class='ocrx_word' id='word_1_159' title='bbox 379 2251 551 2339; x_wconf 71' lang='lat' dir='ltr'><strong>gravatae</strong></span> <span class='ocrx_word' id='word_1_160' title='bbox 574 2256 607 2318; x_wconf 85' lang='lat' dir='ltr'><strong>la</strong></span> <span class='ocrx_word' id='word_1_161' title='bbox 630 2255 831 2337; x_wconf 56' lang='lat' dir='ltr'><strong>oggerens,</strong></span> <span class='ocrx_word' id='word_1_162' title='bbox 854 2252 949 2319; x_wconf 80' lang='lat' dir='ltr'><strong>accio</strong></span> <span class='ocrx_word' id='word_1_163' title='bbox 964 2272 1068 2337; x_wconf 82' lang='lat' dir='ltr'><strong>segua</strong></span> <span class='ocrx_word' id='word_1_164' title='bbox 1091 2256 1112 2319; x_wconf 86' lang='lat' dir='ltr'><strong>il</strong></span> <span class='ocrx_word' id='word_1_165' title='bbox 1138 2263 1244 2322; x_wconf 86' lang='lat' dir='ltr'><strong>moto:</strong></span> <span class='ocrx_word' id='word_1_166' title='bbox 1267 2276 1322 2323; x_wconf 88' lang='lat' dir='ltr'><strong>ma</strong></span> 
     </span>
     <span class='ocr_line' id='line_1_19' title="bbox 144 2363 1322 2449; baseline -0.001 -18"><span class='ocrx_word' id='word_1_167' title='bbox 144 2368 203 2449; x_wconf 80' lang='lat' dir='ltr'><strong>qui</strong></span> <span class='ocrx_word' id='word_1_168' title='bbox 228 2367 258 2430; x_wconf 86' lang='lat' dir='ltr'><strong>si</strong></span> <span class='ocrx_word' id='word_1_169' title='bbox 283 2365 378 2447; x_wconf 76' lang='lat' dir='ltr'><strong>parta</strong></span> <span class='ocrx_word' id='word_1_170' title='bbox 393 2365 447 2428; x_wconf 89' lang='lat' dir='ltr'><strong>del</strong></span> <span class='ocrx_word' id='word_1_171' title='bbox 472 2365 651 2447; x_wconf 79' lang='lat' dir='ltr'><strong>eagionare</strong></span> <span class='ocrx_word' id='word_1_172' title='bbox 674 2364 706 2427; x_wconf 88' lang='lat' dir='ltr'><strong>la</strong></span> <span class='ocrx_word' id='word_1_173' title='bbox 730 2364 855 2444; x_wconf 86' lang='lat' dir='ltr'><strong>quiete,</strong></span> <span class='ocrx_word' id='word_1_174' title='bbox 877 2363 962 2428; x_wconf 85' lang='lat' dir='ltr'><strong>dove</strong></span> <span class='ocrx_word' id='word_1_175' title='bbox 986 2364 1010 2427; x_wconf 94' lang='grc'><strong>11</strong></span> <span class='ocrx_word' id='word_1_176' title='bbox 1033 2363 1100 2446; x_wconf 79' lang='lat' dir='ltr'><strong>Sig.</strong></span> <span class='ocrx_word' id='word_1_177' title='bbox 1118 2363 1245 2430; x_wconf 80' lang='lat' dir='ltr'><strong>Gatileo</strong></span> <span class='ocrx_word' id='word_1_178' title='bbox 1278 2366 1322 2430; x_wconf 87' lang='lat' dir='ltr'><strong>ha</strong></span> 
     </span>
     <span class='ocr_line' id='line_1_20' title="bbox 144 2473 1322 2557; baseline -0.001 -17"><span class='ocrx_word' id='word_1_179' title='bbox 144 2492 276 2557; x_wconf 82' lang='lat' dir='ltr'><strong>sempre</strong></span> <span class='ocrx_word' id='word_1_180' title='bbox 293 2475 386 2538; x_wconf 84' lang='lat' dir='ltr'><strong>detto</strong></span> <span class='ocrx_word' id='word_1_181' title='bbox 414 2474 477 2539; x_wconf 88' lang='lat' dir='ltr'><strong>ohe</strong></span> <span class='ocrx_word' id='word_1_182' title='bbox 494 2475 527 2538; x_wconf 85' lang='lat' dir='ltr'><strong>la</strong></span> <span class='ocrx_word' id='word_1_183' title='bbox 543 2473 651 2556; x_wconf 78' lang='lat' dir='ltr'><strong>figura</strong></span> <span class='ocrx_word' id='word_1_184' title='bbox 667 2492 732 2537; x_wconf 87' lang='lat' dir='ltr'><strong>non</strong></span> <span class='ocrx_word' id='word_1_185' title='bbox 751 2491 852 2554; x_wconf 83' lang='lat' dir='ltr'><strong>opera</strong></span> <span class='ocrx_word' id='word_1_186' title='bbox 871 2473 999 2549; x_wconf 83' lang='lat' dir='ltr'><strong>niente,</strong></span> <span class='ocrx_word' id='word_1_187' title='bbox 1015 2474 1108 2538; x_wconf 87' lang='lat' dir='ltr'><strong>sieno</strong></span> <span class='ocrx_word' id='word_1_188' title='bbox 1124 2491 1185 2554; x_wconf 85' lang='lat' dir='ltr'><strong>por</strong></span> <span class='ocrx_word' id='word_1_189' title='bbox 1200 2474 1231 2538; x_wconf 85' lang='lat' dir='ltr'><strong>te</strong></span> <span class='ocrx_word' id='word_1_190' title='bbox 1250 2492 1322 2540; x_wconf 88' lang='lat' dir='ltr'><strong>ma-</strong></span> 
     </span>
     <span class='ocr_line' id='line_1_21' title="bbox 145 2578 1321 2666; baseline 0.001 -17"><span class='ocrx_word' id='word_1_191' title='bbox 145 2583 228 2649; x_wconf 85' lang='lat' dir='ltr'><strong>terie</strong></span> <span class='ocrx_word' id='word_1_192' title='bbox 252 2578 309 2665; x_wconf 80' lang='lat' dir='ltr'><strong>piri</strong></span> <span class='ocrx_word' id='word_1_193' title='bbox 332 2600 355 2647; x_wconf 93' lang='lat' dir='ltr'><strong>o</strong></span> <span class='ocrx_word' id='word_1_194' title='bbox 381 2598 478 2647; x_wconf 87' lang='lat' dir='ltr'><strong>meno</strong></span> <span class='ocrx_word' id='word_1_195' title='bbox 501 2604 521 2647; x_wconf 91' lang='lat' dir='ltr'><strong>o</strong></span> <span class='ocrx_word' id='word_1_196' title='bbox 544 2585 755 2665; x_wconf 77' lang='lat' dir='ltr'><strong>eguaimente</strong></span> <span class='ocrx_word' id='word_1_197' title='bbox 778 2585 874 2666; x_wconf 82' lang='lat' dir='ltr'><strong>gravi</strong></span> <span class='ocrx_word' id='word_1_198' title='bbox 905 2601 1001 2647; x_wconf 82' lang='lat' dir='ltr'><strong>come</strong></span> <span class='ocrx_word' id='word_1_199' title='bbox 1024 2583 1045 2646; x_wconf 85' lang='grc'><strong>1’</strong></span> <span class='ocrx_word' id='word_1_200' title='bbox 1060 2601 1188 2665; x_wconf 86' lang='lat' dir='ltr'><strong>acqua;</strong></span> <span class='ocrx_word' id='word_1_201' title='bbox 1212 2603 1230 2647; x_wconf 89' lang='lat' dir='ltr'><strong>e</strong></span> <span class='ocrx_word' id='word_1_202' title='bbox 1252 2583 1321 2651; x_wconf 88' lang='lat' dir='ltr'><strong>oosi</strong></span> 
     </span>
     <span class='ocr_line' id='line_1_22' title="bbox 144 2691 1321 2774; baseline -0.001 -15"><span class='ocrx_word' id='word_1_203' title='bbox 144 2712 211 2759; x_wconf 83' lang='lat' dir='ltr'><strong>non</strong></span> <span class='ocrx_word' id='word_1_204' title='bbox 226 2694 254 2758; x_wconf 87' lang='lat' dir='ltr'><strong>si</strong></span> <span class='ocrx_word' id='word_1_205' title='bbox 273 2693 505 2758; x_wconf 81' lang='lat' dir='ltr'><strong>contraddioe:</strong></span> <span class='ocrx_word' id='word_1_206' title='bbox 521 2711 575 2756; x_wconf 87' lang='lat' dir='ltr'><strong>ma</strong></span> <span class='ocrx_word' id='word_1_207' title='bbox 595 2695 677 2756; x_wconf 86' lang='lat' dir='ltr'><strong>bene</strong></span> <span class='ocrx_word' id='word_1_208' title='bbox 696 2693 719 2757; x_wconf 93' lang='grc'><strong>11</strong></span> <span class='ocrx_word' id='word_1_209' title='bbox 735 2692 803 2774; x_wconf 80' lang='lat' dir='ltr'><strong>Sig.</strong></span> <span class='ocrx_word' id='word_1_210' title='bbox 816 2691 985 2767; x_wconf 88' lang='lat' dir='ltr'><strong>Colomho,</strong></span> <span class='ocrx_word' id='word_1_211' title='bbox 1000 2712 1021 2754; x_wconf 95' lang='lat' dir='ltr'><strong>o</strong></span> <span class='ocrx_word' id='word_1_212' title='bbox 1040 2710 1107 2756; x_wconf 88' lang='lat' dir='ltr'><strong>non</strong></span> <span class='ocrx_word' id='word_1_213' title='bbox 1121 2694 1321 2758; x_wconf 86' lang='lat' dir='ltr'><strong>intendendo</strong></span> 
     </span>
     <span class='ocr_line' id='line_1_23' title="bbox 144 2801 1320 2883; baseline -0.003 -14"><span class='ocrx_word' id='word_1_214' title='bbox 144 2804 383 2869; x_wconf 87' lang='lat' dir='ltr'><strong>omostraodo</strong></span> <span class='ocrx_word' id='word_1_215' title='bbox 405 2801 482 2866; x_wconf 83' lang='lat' dir='ltr'><strong>coli’</strong></span> <span class='ocrx_word' id='word_1_216' title='bbox 496 2801 642 2866; x_wconf 83' lang='lat' dir='ltr'><strong>artifieio</strong></span> <span class='ocrx_word' id='word_1_217' title='bbox 665 2807 752 2866; x_wconf 87' lang='lat' dir='ltr'><strong>sesto</strong></span> <span class='ocrx_word' id='word_1_218' title='bbox 776 2801 809 2864; x_wconf 91' lang='grc'><strong>(11</strong></span> <span class='ocrx_word' id='word_1_219' title='bbox 833 2820 900 2866; x_wconf 87' lang='lat' dir='ltr'><strong>non</strong></span> <span class='ocrx_word' id='word_1_220' title='bbox 926 2802 1094 2866; x_wconf 85' lang='lat' dir='ltr'><strong>intendore</strong></span> <span class='ocrx_word' id='word_1_221' title='bbox 1116 2802 1147 2865; x_wconf 89' lang='lat' dir='ltr'><strong>le</strong></span> <span class='ocrx_word' id='word_1_222' title='bbox 1170 2804 1320 2883; x_wconf 83' lang='lat' dir='ltr'><strong>proposi-</strong></span> 
     </span>
     <span class='ocr_line' id='line_1_24' title="bbox 144 2910 1320 2994; baseline -0.003 -17"><span class='ocrx_word' id='word_1_223' title='bbox 144 2914 231 2979; x_wconf 69' lang='lat' dir='ltr'><strong>tioni</strong></span> <span class='ocrx_word' id='word_1_224' title='bbox 255 2913 308 2977; x_wconf 84' lang='lat' dir='ltr'><strong>dol</strong></span> <span class='ocrx_word' id='word_1_225' title='bbox 332 2911 564 2994; x_wconf 62' lang='lat' dir='ltr'><strong>sigoanteo,</strong></span> <span class='ocrx_word' id='word_1_226' title='bbox 587 2910 756 2993; x_wconf 77' lang='lat' dir='ltr'><strong>s’ailarga</strong></span> <span class='ocrx_word' id='word_1_227' title='bbox 779 2910 803 2975; x_wconf 91' lang='grc'><strong>11</strong></span> <span class='ocrx_word' id='word_1_228' title='bbox 826 2928 945 2993; x_wconf 85' lang='lat' dir='ltr'><strong>campo</strong></span> <span class='ocrx_word' id='word_1_229' title='bbox 969 2928 1025 2992; x_wconf 87' lang='lat' dir='ltr'><strong>per</strong></span> <span class='ocrx_word' id='word_1_230' title='bbox 1049 2910 1267 2992; x_wconf 84' lang='lat' dir='ltr'><strong>moltiplioare</strong></span> <span class='ocrx_word' id='word_1_231' title='bbox 1289 2912 1320 2975; x_wconf 85' lang='lat' dir='ltr'><strong>lo</strong></span> 
     </span>
     <span class='ocr_line' id='line_1_25' title="bbox 142 3020 600 3102; baseline -0.004 -15"><span class='ocrx_word' id='word_1_232' title='bbox 142 3040 218 3087; x_wconf 81' lang='lat' dir='ltr'><strong>cose</strong></span> <span class='ocrx_word' id='word_1_233' title='bbox 242 3020 330 3086; x_wconf 79' lang='lat' dir='ltr'><strong>fuori</strong></span> <span class='ocrx_word' id='word_1_234' title='bbox 355 3020 389 3084; x_wconf 85' lang='grc'><strong>(11</strong></span> <span class='ocrx_word' id='word_1_235' title='bbox 415 3023 600 3102; x_wconf 85' lang='lat' dir='ltr'><strong>proposito.</strong></span> 
     </span>
    </p>

    <p class='ocr_par' dir='ltr' id='par_1_4' title="bbox 303 3127 1093 3215">
     <span class='ocr_line' id='line_1_26' title="bbox 303 3127 1093 3215; baseline -0.001 -19"><span class='ocrx_word' id='word_1_236' title='bbox 303 3131 397 3215; x_wconf 78' lang='lat' dir='ltr'><strong>(Peg.</strong></span> <span class='ocrx_word' id='word_1_237' title='bbox 422 3128 498 3215; x_wconf 75' lang='lat'>127)</span> <span class='ocrx_word' id='word_1_238' title='bbox 523 3127 570 3195; x_wconf 77' lang='grc'><strong>1111</strong></span> <span class='ocrx_word' id='word_1_239' title='bbox 593 3132 698 3196; x_wconf 80' lang='lat' dir='ltr'><strong>oorrsi</strong></span> <span class='ocrx_word' id='word_1_240' title='bbox 720 3133 774 3196; x_wconf 75' lang='lat' dir='ltr'><strong>oter</strong></span> <span class='ocrx_word' id='word_1_241' title='bbox 797 3141 1028 3211; x_wconf 71' lang='lat' dir='ltr'><strong>oroomeotoste</strong></span> <span class='ocrx_word' id='word_1_242' title='bbox 1050 3153 1093 3198; x_wconf 81' lang='lat' dir='ltr'><strong>er.</strong></span> 
     </span>
    </p>

    <p class='ocr_par' dir='ltr' id='par_1_5' title="bbox 137 3238 1319 4412">
     <span class='ocr_line' id='line_1_27' title="bbox 232 3238 1319 3324; baseline 0.004 -20"><span class='ocrx_word' id='word_1_243' title='bbox 232 3239 371 3321; x_wconf 74' lang='lat' dir='ltr'><strong>Seguita</strong></span> <span class='ocrx_word' id='word_1_244' title='bbox 393 3239 418 3302; x_wconf 88' lang='grc'><strong>11</strong></span> <span class='ocrx_word' id='word_1_245' title='bbox 442 3239 509 3321; x_wconf 78' lang='lat' dir='ltr'><strong>Sig.</strong></span> <span class='ocrx_word' id='word_1_246' title='bbox 526 3238 687 3305; x_wconf 83' lang='lat' dir='ltr'><strong>Coiombo</strong></span> <span class='ocrx_word' id='word_1_247' title='bbox 712 3240 745 3304; x_wconf 86' lang='lat' dir='ltr'><strong>di</strong></span> <span class='ocrx_word' id='word_1_248' title='bbox 769 3241 986 3304; x_wconf 79' lang='lat' dir='ltr'><strong>accumulare</strong></span> <span class='ocrx_word' id='word_1_249' title='bbox 1008 3243 1113 3305; x_wconf 85' lang='lat' dir='ltr'><strong>errori</strong></span> <span class='ocrx_word' id='word_1_250' title='bbox 1143 3261 1243 3324; x_wconf 84' lang='lat' dir='ltr'><strong>sopra</strong></span> <span class='ocrx_word' id='word_1_251' title='bbox 1265 3261 1319 3308; x_wconf 90' lang='lat' dir='ltr'><strong>er·</strong></span> 
     </span>
     <span class='ocr_line' id='line_1_28' title="bbox 143 3347 1319 3433; baseline 0.003 -20"><span class='ocrx_word' id='word_1_252' title='bbox 143 3349 208 3413; x_wconf 88' lang='lat' dir='ltr'><strong>rori</strong></span> <span class='ocrx_word' id='word_1_253' title='bbox 231 3349 277 3412; x_wconf 78' lang='lat' dir='ltr'><strong>ed</strong></span> <span class='ocrx_word' id='word_1_254' title='bbox 298 3365 458 3413; x_wconf 83' lang='lat' dir='ltr'><strong>accusare</strong></span> <span class='ocrx_word' id='word_1_255' title='bbox 480 3347 505 3410; x_wconf 93' lang='grc'><strong>11</strong></span> <span class='ocrx_word' id='word_1_256' title='bbox 530 3348 597 3428; x_wconf 76' lang='lat' dir='ltr'><strong>Sig.</strong></span> <span class='ocrx_word' id='word_1_257' title='bbox 615 3347 745 3414; x_wconf 85' lang='lat' dir='ltr'><strong>Galiieo</strong></span> <span class='ocrx_word' id='word_1_258' title='bbox 768 3348 799 3412; x_wconf 89' lang='lat' dir='ltr'><strong>d’</strong></span> <span class='ocrx_word' id='word_1_259' title='bbox 812 3354 1081 3431; x_wconf 74' lang='lat' dir='ltr'><strong>argumentatore</strong></span> <span class='ocrx_word' id='word_1_260' title='bbox 1099 3350 1246 3415; x_wconf 85' lang='lat' dir='ltr'><strong>sofistioo</strong></span> <span class='ocrx_word' id='word_1_261' title='bbox 1261 3371 1319 3433; x_wconf 84' lang='lat' dir='ltr'><strong>per</strong></span> 
     </span>
     <span class='ocr_line' id='line_1_29' title="bbox 143 3457 1319 3542; baseline 0.002 -19"><span class='ocrx_word' id='word_1_262' title='bbox 143 3457 256 3523; x_wconf 77' lang='lat' dir='ltr'><strong>volere</strong></span> <span class='ocrx_word' id='word_1_263' title='bbox 276 3458 342 3540; x_wconf 81' lang='lat' dir='ltr'><strong>egli</strong></span> <span class='ocrx_word' id='word_1_264' title='bbox 358 3459 568 3522; x_wconf 80' lang='lat' dir='ltr'><strong>riconoscere</strong></span> <span class='ocrx_word' id='word_1_265' title='bbox 591 3457 639 3540; x_wconf 80' lang='lat' dir='ltr'><strong>gii</strong></span> <span class='ocrx_word' id='word_1_266' title='bbox 666 3457 769 3522; x_wconf 77' lang='lat' dir='ltr'><strong>effetti</strong></span> <span class='ocrx_word' id='word_1_267' title='bbox 794 3459 881 3523; x_wconf 85' lang='lat' dir='ltr'><strong>della</strong></span> <span class='ocrx_word' id='word_1_268' title='bbox 899 3459 1008 3542; x_wconf 80' lang='lat' dir='ltr'><strong>figura</strong></span> <span class='ocrx_word' id='word_1_269' title='bbox 1032 3460 1066 3523; x_wconf 90' lang='lat' dir='ltr'><strong>in</strong></span> <span class='ocrx_word' id='word_1_270' title='bbox 1091 3462 1239 3535; x_wconf 88' lang='lat' dir='ltr'><strong>materie,</strong></span> <span class='ocrx_word' id='word_1_271' title='bbox 1256 3463 1319 3525; x_wconf 84' lang='lat' dir='ltr'><strong>ohe</strong></span> 
     </span>
     <span class='ocr_line' id='line_1_30' title="bbox 142 3562 1318 3651; baseline -0.001 -17"><span class='ocrx_word' id='word_1_272' title='bbox 142 3585 207 3634; x_wconf 80' lang='lat' dir='ltr'><strong>non</strong></span> <span class='ocrx_word' id='word_1_273' title='bbox 231 3569 376 3634; x_wconf 84' lang='lat' dir='ltr'><strong>abbiano</strong></span> <span class='ocrx_word' id='word_1_274' title='bbox 399 3564 441 3631; x_wconf 75' lang='lat' dir='ltr'><strong>ne</strong></span> <span class='ocrx_word' id='word_1_275' title='bbox 465 3562 602 3650; x_wconf 76' lang='lat' dir='ltr'><strong>gravita</strong></span> <span class='ocrx_word' id='word_1_276' title='bbox 627 3564 669 3632; x_wconf 78' lang='lat' dir='ltr'><strong>ne</strong></span> <span class='ocrx_word' id='word_1_277' title='bbox 698 3568 888 3650; x_wconf 82' lang='lat' dir='ltr'><strong>leggerezza</strong></span> <span class='ocrx_word' id='word_1_278' title='bbox 913 3569 1131 3650; x_wconf 86' lang='lat' dir='ltr'><strong>nell’aoqua;</strong></span> <span class='ocrx_word' id='word_1_279' title='bbox 1158 3570 1189 3632; x_wconf 85' lang='lat' dir='ltr'><strong>la</strong></span> <span class='ocrx_word' id='word_1_280' title='bbox 1220 3571 1318 3651; x_wconf 81' lang='lat' dir='ltr'><strong>quale</strong></span> 
     </span>
     <span class='ocr_line' id='line_1_31' title="bbox 140 3671 1316 3760; baseline -0.003 -17"><span class='ocrx_word' id='word_1_281' title='bbox 140 3693 266 3743; x_wconf 76' lang='lat' dir='ltr'><strong>noeirsa</strong></span> <span class='ocrx_word' id='word_1_282' title='bbox 287 3672 306 3740; x_wconf 76' lang='lat' dir='ltr'><strong>e</strong></span> <span class='ocrx_word' id='word_1_283' title='bbox 329 3677 427 3752; x_wconf 79' lang='lat' dir='ltr'><strong>salsa,</strong></span> <span class='ocrx_word' id='word_1_284' title='bbox 452 3673 581 3758; x_wconf 73' lang='lat' dir='ltr'><strong>perche,</strong></span> <span class='ocrx_word' id='word_1_285' title='bbox 608 3694 703 3741; x_wconf 85' lang='lat' dir='ltr'><strong>oome</strong></span> <span class='ocrx_word' id='word_1_286' title='bbox 726 3671 783 3741; x_wconf 75' lang='lat' dir='ltr'><strong>s&#39;e</strong></span> <span class='ocrx_word' id='word_1_287' title='bbox 805 3678 896 3741; x_wconf 85' lang='lat' dir='ltr'><strong>detto</strong></span> <span class='ocrx_word' id='word_1_288' title='bbox 918 3677 952 3740; x_wconf 91' lang='grc'><strong>(11</strong></span> <span class='ocrx_word' id='word_1_289' title='bbox 976 3693 1086 3758; x_wconf 84' lang='lat' dir='ltr'><strong>sopra,</strong></span> <span class='ocrx_word' id='word_1_290' title='bbox 1109 3678 1174 3760; x_wconf 79' lang='lat' dir='ltr'><strong>egli</strong></span> <span class='ocrx_word' id='word_1_291' title='bbox 1192 3678 1316 3760; x_wconf 58' lang='lat' dir='ltr'><strong>clogga</strong></span> 
     </span>
     <span class='ocr_line' id='line_1_32' title="bbox 139 3786 1318 3870; baseline -0.002 -19"><span class='ocrx_word' id='word_1_292' title='bbox 139 3803 161 3851; x_wconf 89' lang='lat' dir='ltr'><strong>o</strong></span> <span class='ocrx_word' id='word_1_293' title='bbox 184 3804 244 3868; x_wconf 81' lang='lat' dir='ltr'><strong>per</strong></span> <span class='ocrx_word' id='word_1_294' title='bbox 267 3786 320 3851; x_wconf 84' lang='lat' dir='ltr'><strong>dir</strong></span> <span class='ocrx_word' id='word_1_295' title='bbox 345 3789 466 3870; x_wconf 79' lang='lat' dir='ltr'><strong>meglio</strong></span> <span class='ocrx_word' id='word_1_296' title='bbox 489 3788 564 3852; x_wconf 84' lang='lat' dir='ltr'><strong>dice</strong></span> <span class='ocrx_word' id='word_1_297' title='bbox 588 3787 650 3852; x_wconf 86' lang='lat' dir='ltr'><strong>ohe</strong></span> <span class='ocrx_word' id='word_1_298' title='bbox 672 3787 809 3851; x_wconf 84' lang='lat' dir='ltr'><strong>sarebbe</strong></span> <span class='ocrx_word' id='word_1_299' title='bbox 824 3787 907 3851; x_wconf 85' lang='lat' dir='ltr'><strong>bene</strong></span> <span class='ocrx_word' id='word_1_300' title='bbox 923 3786 1073 3868; x_wconf 78' lang='lat' dir='ltr'><strong>eteggere</strong></span> <span class='ocrx_word' id='word_1_301' title='bbox 1093 3804 1159 3852; x_wconf 88' lang='lat' dir='ltr'><strong>una</strong></span> <span class='ocrx_word' id='word_1_302' title='bbox 1178 3787 1318 3851; x_wconf 85' lang='lat' dir='ltr'><strong>matoria</strong></span> 
     </span>
     <span class='ocr_line' id='line_1_33' title="bbox 139 3891 1318 3979; baseline -0.002 -18"><span class='ocrx_word' id='word_1_303' title='bbox 139 3897 252 3961; x_wconf 85' lang='lat' dir='ltr'><strong>simile</strong></span> <span class='ocrx_word' id='word_1_304' title='bbox 275 3896 450 3977; x_wconf 85' lang='lat' dir='ltr'><strong>aii’aoqua</strong></span> <span class='ocrx_word' id='word_1_305' title='bbox 472 3897 507 3959; x_wconf 89' lang='lat' dir='ltr'><strong>in</strong></span> <span class='ocrx_word' id='word_1_306' title='bbox 538 3891 682 3979; x_wconf 77' lang='lat' dir='ltr'><strong>gravita3</strong></span> <span class='ocrx_word' id='word_1_307' title='bbox 708 3913 763 3959; x_wconf 90' lang='lat' dir='ltr'><strong>ma</strong></span> <span class='ocrx_word' id='word_1_308' title='bbox 786 3895 820 3960; x_wconf 86' lang='lat' dir='ltr'><strong>la</strong></span> <span class='ocrx_word' id='word_1_309' title='bbox 845 3912 908 3960; x_wconf 87' lang='lat' dir='ltr'><strong>sua</strong></span> <span class='ocrx_word' id='word_1_310' title='bbox 932 3904 1085 3977; x_wconf 84' lang='lat' dir='ltr'><strong>proposta</strong></span> <span class='ocrx_word' id='word_1_311' title='bbox 1115 3913 1179 3959; x_wconf 87' lang='lat' dir='ltr'><strong>non</strong></span> <span class='ocrx_word' id='word_1_312' title='bbox 1204 3894 1318 3959; x_wconf 77' lang='lat' dir='ltr'><strong>fluisse</strong></span> 
     </span>
     <span class='ocr_line' id='line_1_34' title="bbox 137 4004 1317 4088; baseline 0 -19"><span class='ocrx_word' id='word_1_313' title='bbox 137 4004 212 4086; x_wconf 81' lang='lat' dir='ltr'><strong>qui,</strong></span> <span class='ocrx_word' id='word_1_314' title='bbox 229 4004 315 4069; x_wconf 86' lang='lat' dir='ltr'><strong>dove</strong></span> <span class='ocrx_word' id='word_1_315' title='bbox 338 4006 372 4069; x_wconf 83' lang='lat' dir='ltr'><strong>la</strong></span> <span class='ocrx_word' id='word_1_316' title='bbox 392 4006 534 4069; x_wconf 86' lang='lat' dir='ltr'><strong>termina</strong></span> <span class='ocrx_word' id='word_1_317' title='bbox 558 4006 581 4069; x_wconf 90' lang='grc'><strong>11</strong></span> <span class='ocrx_word' id='word_1_318' title='bbox 607 4006 675 4088; x_wconf 81' lang='lat' dir='ltr'><strong>Sig.</strong></span> <span class='ocrx_word' id='word_1_319' title='bbox 693 4005 852 4072; x_wconf 87' lang='lat' dir='ltr'><strong>Colombo</strong></span> <span class='ocrx_word' id='word_1_320' title='bbox 879 4023 936 4085; x_wconf 83' lang='lat' dir='ltr'><strong>per</strong></span> <span class='ocrx_word' id='word_1_321' title='bbox 964 4022 1030 4068; x_wconf 89' lang='lat' dir='ltr'><strong>non</strong></span> <span class='ocrx_word' id='word_1_322' title='bbox 1054 4005 1074 4067; x_wconf 88' lang='lat' dir='ltr'><strong>l&#39;</strong></span> <span class='ocrx_word' id='word_1_323' title='bbox 1088 4022 1188 4069; x_wconf 84' lang='lat' dir='ltr'><strong>avere</strong></span> <span class='ocrx_word' id='word_1_324' title='bbox 1212 4006 1317 4069; x_wconf 86' lang='lat' dir='ltr'><strong>intesa</strong></span> 
     </span>
     <span class='ocr_line' id='line_1_35' title="bbox 138 4105 1317 4195; baseline 0.002 -20"><span class='ocrx_word' id='word_1_325' title='bbox 138 4127 162 4175; x_wconf 94' lang='lat' dir='ltr'><strong>o</strong></span> <span class='ocrx_word' id='word_1_326' title='bbox 186 4128 246 4192; x_wconf 73' lang='lat' dir='ltr'><strong>per</strong></span> <span class='ocrx_word' id='word_1_327' title='bbox 267 4129 334 4176; x_wconf 88' lang='lat' dir='ltr'><strong>non</strong></span> <span class='ocrx_word' id='word_1_328' title='bbox 358 4114 385 4177; x_wconf 89' lang='lat' dir='ltr'><strong>si</strong></span> <span class='ocrx_word' id='word_1_329' title='bbox 407 4105 574 4194; x_wconf 79' lang='lat' dir='ltr'><strong>spogiia&#39;re</strong></span> <span class='ocrx_word' id='word_1_330' title='bbox 591 4114 645 4177; x_wconf 85' lang='lat' dir='ltr'><strong>del</strong></span> <span class='ocrx_word' id='word_1_331' title='bbox 662 4119 756 4194; x_wconf 87' lang='lat' dir='ltr'><strong>poter</strong></span> <span class='ocrx_word' id='word_1_332' title='bbox 771 4111 996 4176; x_wconf 82' lang='lat' dir='ltr'><strong>contraddire:</strong></span> <span class='ocrx_word' id='word_1_333' title='bbox 1021 4113 1095 4175; x_wconf 86' lang='lat' dir='ltr'><strong>anzi</strong></span> <span class='ocrx_word' id='word_1_334' title='bbox 1119 4112 1141 4174; x_wconf 89' lang='grc'><strong>11</strong></span> <span class='ocrx_word' id='word_1_335' title='bbox 1167 4112 1234 4195; x_wconf 76' lang='lat' dir='ltr'><strong>Sig.</strong></span> <span class='ocrx_word' id='word_1_336' title='bbox 1249 4112 1317 4179; x_wconf 81' lang='lat' dir='ltr'><strong>Ga·</strong></span> 
     </span>
     <span class='ocr_line' id='line_1_36' title="bbox 142 4218 1315 4301; baseline -0.001 -17"><span class='ocrx_word' id='word_1_337' title='bbox 142 4219 221 4284; x_wconf 63' lang='grc'><strong>11100</strong></span> <span class='ocrx_word' id='word_1_338' title='bbox 244 4220 297 4284; x_wconf 85' lang='lat' dir='ltr'><strong>nel</strong></span> <span class='ocrx_word' id='word_1_339' title='bbox 316 4221 451 4285; x_wconf 88' lang='lat' dir='ltr'><strong>servirsi</strong></span> <span class='ocrx_word' id='word_1_340' title='bbox 476 4221 529 4301; x_wconf 81' lang='lat' dir='ltr'><strong>poi</strong></span> <span class='ocrx_word' id='word_1_341' title='bbox 555 4219 588 4284; x_wconf 90' lang='grc'><strong>(11</strong></span> <span class='ocrx_word' id='word_1_342' title='bbox 618 4220 664 4283; x_wconf 87' lang='lat' dir='ltr'><strong>tal</strong></span> <span class='ocrx_word' id='word_1_343' title='bbox 679 4220 822 4283; x_wconf 88' lang='lat' dir='ltr'><strong>materia</strong></span> <span class='ocrx_word' id='word_1_344' title='bbox 840 4219 937 4282; x_wconf 90' lang='lat' dir='ltr'><strong>vuole</strong></span> <span class='ocrx_word' id='word_1_345' title='bbox 952 4218 1014 4282; x_wconf 84' lang='lat' dir='ltr'><strong>che</strong></span> <span class='ocrx_word' id='word_1_346' title='bbox 1030 4236 1086 4299; x_wconf 82' lang='lat' dir='ltr'><strong>per</strong></span> <span class='ocrx_word' id='word_1_347' title='bbox 1106 4218 1224 4282; x_wconf 89' lang='lat' dir='ltr'><strong>vedere</strong></span> <span class='ocrx_word' id='word_1_348' title='bbox 1240 4220 1315 4301; x_wconf 85' lang='lat' dir='ltr'><strong>quei</strong></span> 
     </span>
     <span class='ocr_line' id='line_1_37' title="bbox 142 4327 1317 4412; baseline -0.003 -17"><span class='ocrx_word' id='word_1_349' title='bbox 142 4329 205 4395; x_wconf 78' lang='lat' dir='ltr'><strong>ohe</strong></span> <span class='ocrx_word' id='word_1_350' title='bbox 228 4332 320 4412; x_wconf 80' lang='lat' dir='ltr'><strong>operi</strong></span> <span class='ocrx_word' id='word_1_351' title='bbox 344 4331 376 4394; x_wconf 88' lang='lat' dir='ltr'><strong>la</strong></span> <span class='ocrx_word' id='word_1_352' title='bbox 400 4329 577 4410; x_wconf 81' lang='lat' dir='ltr'><strong>larghezza</strong></span> <span class='ocrx_word' id='word_1_353' title='bbox 597 4329 686 4393; x_wconf 83' lang='lat' dir='ltr'><strong>della</strong></span> <span class='ocrx_word' id='word_1_354' title='bbox 714 4329 822 4411; x_wconf 81' lang='lat' dir='ltr'><strong>figura</strong></span> <span class='ocrx_word' id='word_1_355' title='bbox 848 4327 898 4389; x_wconf 88' lang='lat' dir='ltr'><strong>nei</strong></span> <span class='ocrx_word' id='word_1_356' title='bbox 918 4327 1120 4403; x_wconf 85' lang='lat' dir='ltr'><strong>discendere,</strong></span> <span class='ocrx_word' id='word_1_357' title='bbox 1139 4328 1317 4393; x_wconf 69' lang='grc'><strong>(1111111111-</strong></span> 
     </span>
    </p>
   </div>
   <div class='ocr_carea' id='block_1_3' title="bbox 147 4430 1315 4599">
    <p class='ocr_par' dir='ltr' id='par_1_6' title="bbox 147 4430 1315 4599">
     <span class='ocr_line' id='line_1_38' title="bbox 147 4430 1315 4521; baseline -0.007 -16"><span class='ocrx_word' id='word_1_358' title='bbox 147 4440 304 4521; x_wconf 69' lang='lat' dir='ltr'><strong>gravinen</strong></span> <span class='ocrx_word' id='word_1_359' title='bbox 327 4458 389 4503; x_wconf 84' lang='lat' dir='ltr'><strong>eoo</strong></span> <span class='ocrx_word' id='word_1_360' title='bbox 414 4440 435 4504; x_wconf 96' lang='grc'><strong>1</strong></span> <span class='ocrx_word' id='word_1_361' title='bbox 447 4437 683 4521; x_wconf 77' lang='lat' dir='ltr'><strong>aggiugnergti</strong></span> <span class='ocrx_word' id='word_1_362' title='bbox 707 4437 759 4503; x_wconf 84' lang='lat' dir='ltr'><strong>del</strong></span> <span class='ocrx_word' id='word_1_363' title='bbox 796 4436 945 4516; x_wconf 84' lang='lat' dir='ltr'><strong>piombo;</strong></span> <span class='ocrx_word' id='word_1_364' title='bbox 980 4431 1098 4517; x_wconf 73' lang='lat' dir='ltr'><strong>perche</strong></span> <span class='ocrx_word' id='word_1_365' title='bbox 1124 4443 1217 4500; x_wconf 87' lang='lat' dir='ltr'><strong>tanta</strong></span> <span class='ocrx_word' id='word_1_366' title='bbox 1238 4430 1315 4501; x_wconf 75' lang='lat' dir='ltr'><strong>sara</strong></span> 
     </span>
     <span class='ocr_line' id='line_1_39' title="bbox 287 4540 1194 4599; baseline -0.006 -1"><span class='ocrx_word' id='word_1_367' title='bbox 287 4541 311 4596; x_wconf 78' lang='lat' dir='ltr'><strong>s</strong></span> <span class='ocrx_word' id='word_1_368' title='bbox 314 4543 456 4599; x_wconf 71' lang='lat' dir='ltr'><strong>serenos</strong></span> <span class='ocrx_word' id='word_1_369' title='bbox 461 4560 616 4598; x_wconf 75' lang='lat' dir='ltr'><strong>arum</strong></span> <span class='ocrx_word' id='word_1_370' title='bbox 583 4540 756 4596; x_wconf 38' lang='grc' dir='ltr'><strong>-ΤΗΧΙΙ</strong></span> <span class='ocrx_word' id='word_1_371' title='bbox 1160 4546 1194 4594; x_wconf 74' lang='grc'><strong>36</strong></span> 
     </span>
    </p>
   </div>
   <div class='ocr_carea' id='block_1_4' title="bbox 0 0 1470 5114">
    <p class='ocr_par' dir='ltr' id='par_1_7' title="bbox 0 0 1470 5114">
     <span class='ocr_line' id='line_1_40' title="bbox 0 0 1470 5114; baseline 0 3"><span class='ocrx_word' id='word_1_372' title='bbox 0 0 1470 5114; x_wconf 95' lang='lat' dir='ltr'><strong> </strong></span> 
     </span>
    </p>
   </div>
  </div>
 </body>
</html>
