2932 5114
606 369 867 418 disposta

586 572 699 620 Eunoni
725 574 755 621 ΙΝ
780 573 891 620 toetcn

242 758 310 824 Che
333 757 356 820 ii
381 757 498 839 Signor
512 756 632 822 Gracia
648 773 712 820 non
730 756 828 820 abbia
853 755 1102 837 perfettamente
1115 752 1320 834 siitogizzato

140 852 171 929 'e
193 867 521 932 concludentemente
545 866 708 942 discorso,
731 865 832 930 credo
853 866 915 930 che
943 864 1131 929 ieciimenie
1163 864 1191 928 si
1230 880 1320 944 possa

153 994 304 1042 raccorre
339 978 382 1040 da
410 976 487 1039 tutti
513 977 589 1057 quei
613 975 748 1057 tnoghi,
773 975 858 1039 dove
880 973 946 1056 egli
970 973 1004 1037 di
1028 990 1090 1037 suo
1112 973 1248 1054 proprio
1272 972 1319 1034 in·

153 1108 259 1174 gegno
280 1091 307 1155 si
331 1095 432 1154 mette
456 1107 473 1151 a
499 1088 591 1153 votor
614 1087 812 1153 dimostrure
839 1087 959 1152 alcuna
989 1104 1078 1151 cosa.
1102 1085 1160 1150 Ma
1184 1100 1244 1166 per
1265 1084 1321 1148 ad-

150 1199 258 1263 ditare
279 1197 420 1280 qualche
442 1196 650 1278 particoiare,
665 1188 888 1259 corninciamo
907 1194 1154 1258 aconsiderare
1174 1192 1197 1254 il
1215 1192 1319 1274 primo

151 1311 346 1389 argomento
369 1304 431 1368 cire
454 1303 519 1387 egli
543 1304 664 1380 scrire,
687 1302 748 1368 cire
771 1299 790 1367 d
812 1304 900 1367 nella
924 1306 1031 1386 prima
1054 1301 1160 1366 faccia
1183 1302 1239 1367 del
1263 1320 1320 1366 suo

151 1417 298 1486 trattato,
320 1412 404 1477 dove
429 1410 568 1478 voiendo
593 1429 732 1493 provere
755 1417 872 1476 contro
893 1412 925 1474 ai
955 1411 1022 1494 Sig.
1038 1411 1168 1476 Gaiiieo
1202 1413 1264 1476 cire
1296 1413 1318 1476 ii

150 1523 301 1605 ghiaccio
334 1523 383 1585 eia
417 1536 524 1602 acqua
546 1521 747 1586 condensata
777 1539 833 1602 per
862 1516 953 1585 virtu
983 1519 1035 1583 dei
1063 1520 1191 1597 ireddo,
1218 1538 1322 1585 enon

148 1630 323 1704 rareiatta,
346 1647 492 1712 suppone
508 1647 565 1710 per
584 1647 662 1695 vero
678 1647 696 1693 e
711 1630 885 1694 notissimo
903 1629 1102 1695 neii'istessa
1120 1631 1230 1711 prima
1248 1647 1320 1712 pro·

148 1738 315 1819 posizione
336 1737 446 1817 queiio
470 1735 503 1798 di
528 1735 589 1799 che
605 1737 633 1799 si
650 1738 778 1809 dubita,
801 1737 991 1801 scrivendo:
1016 1734 1092 1817 Ecti
1113 1755 1180 1800 coc
1205 1732 1221 1800 d
1243 1737 1321 1829 dud·

149 1847 198 1911 iio
231 1847 346 1911 dieuco
379 1847 433 1909 cde
457 1847 468 1909 i
489 1845 628 1927 semptici
650 1846 790 1909 elementi
811 1849 839 1910 si
862 1847 1063 1911 condensam
1086 1846 1138 1910 dui
1158 1846 1317 1928 [reddas

147 1953 200 2017 dci
216 1955 304 2018 cnido
324 1954 353 2015 si
376 1954 561 2034 roresanco.
585 1955 642 2020 Ma
664 1958 781 2036 questo
804 1952 822 2020 d
846 1960 993 2036 appunto
1022 1954 1135 2037 queiio
1159 1955 1223 2020 che
1245 1953 1264 2020 d
1285 1959 1318 2021 in

148 2063 337 2144 quistione,
373 2059 492 2144 perche
516 2063 578 2126 che
600 2063 623 2125 ii
649 2062 801 2142 giriaccio
823 2063 851 2126 si
875 2061 983 2126 faccia
1005 2062 1179 2144 d’acqna,
1205 2063 1268 2127 che
1291 2064 1316 2127 si

147 2175 254 2240 faccia
277 2173 443 2238 mediante
467 2172 490 2236 ii
513 2172 649 2249 froddo,
672 2189 691 2236 e
713 2173 775 2235 cite
798 2172 818 2235 1’
831 2189 938 2252 acqua
966 2172 1017 2236 sia
1041 2187 1109 2235 uno
1131 2172 1221 2256 degit
1253 2172 1320 2236 eie·

148 2284 249 2348 menti
267 2283 427 2364 semplici,
449 2279 467 2346 d
490 2282 674 2346 conceduto
697 2283 739 2346 da
758 2285 855 2347 ambe
874 2282 903 2346 ie
922 2282 1019 2364 parti,
1035 2298 1054 2345 e
1069 2284 1141 2349 soto
1157 2285 1186 2348 si
1206 2285 1321 2351 dubita

147 2410 181 2457 se
205 2393 271 2456 tate
294 2393 409 2455 anione
433 2392 459 2455 si
484 2391 590 2454 iaccia
613 2391 847 2456 condensando
866 2392 995 2474 i'acqua
1014 2391 1316 2466 orareiecendoia3

148 2505 181 2569 ia
204 2502 282 2584 quai
306 2520 384 2567 cosa
408 2502 483 2568 vien
507 2501 678 2584 presagdai
702 2501 768 2585 Sig.
784 2500 904 2568 Gracia
927 2518 985 2582 per
1012 2500 1188 2566 notissimo
1223 2519 1320 2567 acca·

146 2612 224 2677 dere
248 2629 305 2692 per
327 2611 598 2685 condensazioue,
621 2609 771 2692 ponendo
793 2626 853 2692 per
875 2609 1063 2674 indubitato
1076 2616 1197 2690 questa
1212 2626 1317 2675 essere

147 2722 262 2787 arione
284 2720 335 2784 dei
359 2718 483 2784 ireddo.
507 2719 681 2801 Aggiugne
705 2719 759 2800 poi
782 2718 814 2781 ai
838 2717 946 2799 primo
967 2718 990 2781 ii
1015 2718 1158 2782 secondo
1181 2736 1317 2783 manca·

146 2831 268 2904 mento,
291 2824 433 2890 volendo
455 2824 660 2889 conformare
683 2831 800 2907 questo
822 2832 958 2889 assunto
981 2842 1044 2889 con
1068 2824 1316 2909 un'espertenra

147 2934 248 2998 molto
271 2931 328 3014 pid
350 2935 478 3015 ignota,
503 2933 677 2998 scrivendo
699 2931 754 2998 oid
777 2935 1025 2999 sensibiimente
1048 2936 1206 3016 apperire
1236 2937 1317 3001 neiia

147 3042 364 3123 generaciono
388 3041 572 3122 deli'acqua
594 3059 613 3105 e
635 3043 793 3107 deit'uria.
818 3044 875 3109 iiia
898 3043 1007 3119 dove,
1030 3061 1165 3109 comeo
1187 3048 1316 3128 qnando

146 3147 174 3211 si
196 3146 280 3210 vede
303 3165 365 3228 pur
389 3149 569 3216 solamente
593 3149 624 3212 ia
650 3150 865 3232 generacione
888 3150 1082 3232 deli'acqua
1102 3168 1126 3214 o
1148 3152 1314 3225 dett’aria,

146 3272 211 3320 non
245 3255 306 3319 cire
342 3258 587 3322 sensibiimente
621 3260 793 3340 apparisce
829 3267 946 3340 questa
972 3278 993 3324 o
1022 3260 1132 3341 queiia
1156 3261 1237 3327 tarsi
1263 3280 1314 3345 per

145 3361 405 3426 condensazione
434 3382 454 3427 o
479 3382 536 3445 per
558 3365 789 3430 rereiazioce?
811 3367 848 3431 ln
871 3368 955 3431 ottre
978 3368 1043 3449 egli
1068 3369 1252 3436 medestmo
1273 3370 1312 3435 da

147 3487 203 3552 per
232 3467 267 3535 se
300 3478 403 3538 stesso
431 3475 459 3538 si
488 3475 685 3551 condenda,
712 3493 730 3538 e
754 3494 893 3557 scuopre
917 3477 940 3539 ii
964 3477 1079 3542 diietto
1104 3478 1157 3541 dei
1182 3498 1245 3545 sno
1267 3498 1313 3545 as-

145 3587 252 3652 sunto,
278 3581 396 3662 perche
420 3583 571 3648 dovendo
594 3601 701 3648 essere
724 3583 754 3647 ie
780 3585 1011 3666 proposizioni,
1027 3586 1089 3649 che
1104 3587 1133 3650 si
1151 3588 1314 3669 prendoco

146 3707 203 3771 per
225 3691 377 3774 principi,
400 3694 571 3757 notissime
593 3694 633 3756 ed
659 3695 850 3769 universati,
873 3695 938 3777 egli
962 3702 1067 3759 stesso
1083 3696 1314 3779 doppiamente

146 3799 261 3865 dubita
284 3804 374 3865 circa
409 3818 427 3864 a
463 3809 579 3882 questa
604 3821 680 3879 sua,
702 3804 743 3866 ed
766 3801 784 3866 d
808 3805 932 3869 tornaio
955 3823 975 3868 a
1000 3806 1169 3869 timidarta.
1197 3807 1315 3872 Ducite

145 3911 251 3991 prima
276 3912 359 3974 delle
383 3916 497 3984 saette,
520 3914 605 3975 neiie
627 3914 741 3993 quati,
764 3923 880 3979 contro
900 3915 954 3976 ait’
968 3917 1113 3979 essionis
1137 3923 1313 3998 supposto,

146 4035 222 4097 pere
243 4018 305 4082 che
328 4019 350 4081 ii
376 4019 489 4083 treddo
512 4021 609 4085 abbia
629 4019 718 4086 virid
742 4023 775 4086 di
801 4040 958 4105 generare
983 4024 1005 4086 il
1027 4024 1138 4096 iuoco,
1163 4027 1229 4090 cire
1253 4022 1271 4090 ὲ
1294 4026 1314 4089 11

145 4127 202 4209 pid
225 4131 335 4194 sottiio
362 4131 448 4213 degli
478 4132 642 4195 elementi.
676 4131 808 4196 L'aitra
846 4134 1057 4198 dubitacione
1091 4151 1193 4199 nasce
1227 4135 1312 4199 daiia

145 4242 348 4320 gragnuoia,
372 4240 458 4304 neila
480 4242 578 4322 quate
611 4243 742 4306 sembra
776 4242 838 4304 ohe
862 4243 883 4305 ii
909 4243 1020 4307 calore
1043 4245 1142 4308 abbia
1166 4241 1260 4309 virid
1282 4243 1312 4306 di

144 4344 355 4410 condensare.
380 4349 436 4412 Ma
459 4369 493 4413 se
516 4355 634 4431 questo
657 4357 793 4414 assunto
817 4350 899 4414 deve
924 4352 957 4416 in
981 4352 1093 4415 alcuni
1117 4354 1188 4416 cusi
1211 4368 1313 4417 essere

146 4457 311 4529 limitato,
334 4457 398 4538 egii
423 4457 441 4520 e
465 4460 529 4523 mei
554 4463 663 4525 buono
687 4477 743 4543 per
771 4460 950 4524 dimosirnr
986 4461 1080 4524 nulia
1114 4460 1314 4527 neeessaria-
