2932 5114
471 420 489 463 s
510 416 661 465 nonorrco
680 418 783 466 nonin
802 417 956 467 cosorrrn.
1229 398 1297 467 Hb

129 540 201 605 suoi
227 539 354 623 leogii,
378 539 532 620 ne'quaii
558 557 623 605 non
647 541 674 604 si
695 545 791 606 trove
815 556 897 623 pore
920 556 988 604 nnn
1011 540 1126 620 peroio
1149 539 1201 602 nei
1217 556 1294 621 pro·

130 648 239 732 posito
262 648 313 730 pei
332 648 431 729 quale
448 647 476 710 e’
490 648 534 730 gii
552 649 706 730 produce.
723 666 741 712 e
761 667 818 730 per
833 653 950 731 questo
964 646 1159 712 inisnmente
1175 646 1219 729 gi'
1230 646 1297 710 im·

129 768 215 839 pone
237 754 299 819 ohe
323 771 381 835 per
403 770 483 817 aver
505 755 630 819 reduto
653 756 855 838 gaiiegginre
878 756 997 838 piecoii
1021 755 1100 838 epiri
1125 772 1144 818 e
1167 754 1294 836 piocoie

128 869 262 930 monete
291 884 309 927 e
334 864 494 946 globati,
517 865 558 928 ed
581 865 659 947 ogni
690 864 776 928 nitra
804 871 894 929 sorta
917 866 951 929 di
974 863 1106 947 figura,
1129 864 1296 929 mediante

126 973 166 1039 in·
181 972 236 1038 ior
258 972 398 1037 minima
418 968 559 1056 gravisi,
579 991 614 1037 se
631 973 691 1037 ben
708 973 781 1037 initi
797 974 831 1038 di
850 973 990 1037 motoria
1010 975 1097 1037 ossei
1118 969 1174 1055 piri
1192 990 1295 1056 grove

126 1080 204 1147 noir·
217 1098 337 1164 neque,
356 1082 398 1166 gi*
411 1083 554 1163 impone,
578 1083 664 1157 dico,
687 1083 810 1167 oh'egii
826 1102 886 1166 per
899 1089 1015 1166 questo
1039 1085 1136 1148 abbia
1156 1083 1295 1147 creduto

126 1206 229 1256 nnn
252 1206 372 1272 pensor
406 1187 464 1272 piis
487 1185 520 1253 Ιέι
544 1188 628 1276 (uso
650 1193 662 1254 i
686 1191 819 1255 termini
854 1190 1028 1254 medesimi
1056 1189 1107 1254 dei
1144 1191 1210 1272 Sip.
1228 1190 1295 1256 Co·

126 1296 266 1383 mbo)
288 1299 351 1362 cire
374 1298 395 1362 i·
407 1300 525 1363 istesso
547 1298 700 1363 {occiano
722 1301 802 1365 tutti
826 1299 1143 1363 indimrentemente
1164 1298 1237 1362 fatti
1262 1297 1295 1361 di

126 1406 373 1487 opni'moterin
395 1423 414 1468 e
437 1406 469 1470 di
494 1405 714 1489 qunlsivogiie
740 1406 848 1489 figura
872 1408 1101 1488 reprenderit,
1120 1423 1216 1471 nome
1230 1408 1295 1490 egli

126 1509 173 1575 iu
201 1511 375 1575 aiiermnto
398 1511 463 1575 aiio
485 1511 568 1575 ioco.
594 1511 647 1588 12,
669 1513 725 1589 43,
744 1513 799 1586 56.
814 1512 869 1587 62,
884 1513 938 1589 63,
962 1514 1016 1579 66.
1044 1514 1113 1580 Ora
1141 1515 1198 1597 qui
1227 1517 1296 1598 pri·

126 1619 346 1684 nieramente
374 1621 451 1684 dico
474 1638 541 1685 non
564 1638 653 1685 esser
688 1638 768 1686 vero
789 1624 853 1687 che
876 1623 897 1686 ii
923 1623 990 1706 Sig.
1012 1623 1141 1689 Gniiieo
1163 1625 1240 1690 dion
1261 1626 1294 1688 di

127 1744 211 1794 mr
227 1727 309 1791 tatto
326 1729 516 1811 esperienzn
531 1729 566 1792 in
577 1747 655 1793 oose
670 1730 809 1812 piocioio
825 1732 858 1795 di
871 1733 1093 1815 qunisivogiio
1111 1731 1232 1815 figura,
1248 1751 1297 1798 eo.

129 1858 185 1907 mn
207 1844 272 1907 nen
295 1841 368 1904 dice
391 1840 453 1905 ohe
477 1841 608 1922 piccioli
645 1842 781 1924 giobetti
805 1843 838 1905 di
862 1842 949 1925 terro
971 1860 990 1905 e
1013 1841 1046 1904 di
1075 1842 1208 1924 piornbo
1236 1860 1297 1907 an·
1348 1920 1353 1931 Ι

127 1969 209 2018 oora
233 1952 443 2035 goliegginno
466 1952 542 2015 neii'
555 1953 672 2016 istesso
687 1953 787 2016 modo
800 1952 862 2016 ohe
880 1953 924 2034 gii
944 1951 1033 2035 agili,
1049 1948 1078 2016 si
1094 1968 1191 2015 come
1212 1951 1297 2016 daile

129 2077 207 2126 eone
239 2060 284 2125 de
312 2061 359 2123 iui
390 2061 582 2125 dimostrato
606 2059 645 2145 (e
668 2079 735 2125 non
757 2062 799 2125 dn
822 2057 1032 2144 esperienze)
1061 2061 1089 2124 si
1119 2058 1185 2142 puo
1208 2079 1297 2125 roc·

128 2186 235 2236 norro.
259 2171 283 2235 li
301 2170 363 2234 ohe
381 2170 495 2252 voglio
509 2170 689 2234 solamente
707 2172 769 2235 ohe
785 2171 835 2234 sia
851 2171 941 2234 dotto
958 2188 1014 2253 per
1030 2170 1294 2252 maggiormento

128 2279 329 2345 minamini
345 2278 408 2342 che
421 2279 445 2341 ii
463 2266 529 2360 Sig'.
546 2278 706 2344 Coiombo
731 2295 796 2343 non
820 2278 875 2353 iro,
892 2296 958 2343 non
974 2278 1037 2342 che
1056 2279 1152 2351 nitro,
1172 2279 1250 2341 iette
1266 2278 1297 2341 ie

128 2386 378 2465 dimostrapioni
402 2386 453 2449 dei
478 2387 544 2468 Sig.
560 2385 702 2459 Gniiie03
722 2386 746 2448 ii
769 2386 832 2450 ohe
846 2403 968 2450 ancora
987 2385 1216 2449 nitrettnntoe
1240 2378 1297 2466 piri

130 2495 383 2562 manifestatio!
407 2495 478 2559 dire
500 2497 563 2559 cire
585 2497 618 2560 di
645 2499 701 2578 qui
732 2492 750 2559 ὲ
777 2501 855 2561 nato
890 2501 978 2560 tutto
1001 2496 1024 2560 ii
1050 2495 1137 2559 maie
1159 2511 1221 2559 suo
1243 2495 1295 2559 nei

129 2608 267 2672 eredere
289 2609 350 2671 niro
373 2607 395 2670 i'
405 2609 523 2672 istesso
556 2608 709 2673 occasehi
733 2610 767 2672 in
791 2614 876 2672 tutte
897 2608 928 2671 ie
951 2606 1058 2690 figure
1080 2607 1201 2689 d'ogni
1224 2624 1299 2671 mn-

131 2716 217 2780 teria
241 2733 260 2779 e
285 2717 479 2798 prandens,
494 2717 556 2780 ohe
578 2713 597 2780 ὲ
618 2717 716 2790 iaiso;
731 2717 804 2780 anzi
822 2715 916 2799 s'egii
933 2734 1049 2781 avesse
1064 2717 1143 2779 lette
1162 2716 1192 2778 ie
1206 2717 1294 2780 dette

129 2824 403 2902 dimostrnzioni‚
428 2829 572 2892 avrebbe
596 2829 718 2891 reduto
739 2832 864 2908 quanto
887 2825 1190 2908 scrupolosnmente
1207 2825 1294 2891 vnde

130 2932 157 2997 ii·
176 2933 246 3015 Sip.
261 2933 392 2999 Gaiiieo
414 2934 612 2998 ritrovando
633 2940 759 3015 quanto
781 2935 813 2997 ei
831 2930 887 3016 piri
905 2951 1001 3016 posse
1018 2951 1125 2998 essere
1144 2935 1177 2998 ia
1194 2951 1298 3017 gran-

130 3040 232 3106 denen
255 3042 288 3104 oi
314 3043 408 3106 varie
431 3041 537 3124 figure
560 3042 593 3105 di
609 3042 740 3106 diverse
755 3042 894 3105 materie
913 3037 970 3124 piri
986 3043 1082 3125 gravi
1097 3041 1296 3123 deii'aoque,

131 3148 230 3216 aecio
252 3169 394 3232 possano
419 3151 673 3233 gaiieggiare3e
697 3151 721 3214 s'
733 3152 798 3234 egli
824 3153 892 3215 mai
916 3152 946 3215 ie
969 3148 1113 3235 oggeri,
1128 3147 1225 3234 potri
1241 3169 1297 3216 ec·

131 3262 279 3344 norgersi
302 3268 428 3342 quanto
450 3261 537 3325 fuori
561 3261 595 3324 di
619 3263 740 3326 dovere
773 3262 862 3325 e'sia
896 3280 1009 3326 seorso
1031 3280 1051 3325 a
1074 3262 1146 3325 ‹iire
1179 3262 1242 3326 ohe
1273 3262 1295 3325 ii

130 3367 198 3453 Sip.
214 3368 357 3444 Gaiiieo,
379 3388 474 3433 senza
493 3387 628 3450 penem
647 3367 708 3450 piri
731 3365 772 3446 Ιὰ,
796 3370 893 3434 abbio
909 3369 1049 3434 creduto
1062 3369 1124 3434 cire
1138 3366 1207 3433 cosi
1227 3370 1299 3434 iae·

130 3481 229 3545 oinno
253 3487 339 3544 totto
363 3481 393 3542 ie
416 3478 524 3561 tigure
546 3479 667 3560 d'ogni
692 3485 782 3543 sotto
805 3478 838 3542 di
855 3481 995 3542 materia
1018 3496 1037 3541 e
1060 3479 1259 3560 grandem:
1273 3478 1296 3540 ii
1330 3514 1336 3529 ·
1440 3460 1447 3474 ’

130 3588 193 3653 oire
214 3606 281 3652 non
305 3590 332 3652 si
356 3586 488 3652 troverri
508 3589 576 3651 moi
600 3588 654 3651 nei
678 3605 740 3652 suo
764 3588 858 3651 libro.
881 3588 908 3652 E
931 3587 1108 3670 de'iuoghi
1129 3586 1222 3650 nitati
1240 3602 1299 3667 per

130 3706 249 3781 questo
269 3699 323 3763 dni
347 3699 414 3780 Sig.
432 3698 613 3772 Cotombo,
637 3699 744 3780 prima
777 3698 843 3762 aiio
878 3699 941 3761 inc.
966 3699 1007 3762 12
1032 3715 1097 3761 non
1120 3693 1181 3761 o'i
1210 3696 1298 3759 nitro

130 3824 164 3873 se
185 3826 255 3872 non
277 3809 341 3873 che
356 3810 367 3872 i
383 3810 476 3890 oorpi
496 3804 553 3890 piri
573 3808 668 3891 gravi
685 3808 760 3872 deii·
772 3824 880 3889 ecqua
895 3808 929 3872 di
948 3806 1172 3889 qualsivogiia
1188 3804 1294 3886 figura

129 3934 242 3982 ranno
264 3919 298 3980 in
320 3917 437 3991 iondo;
461 3917 483 3980 ii
507 3917 582 3993 ohe,
603 3933 699 3982 come
722 3917 750 3979 si
774 3916 867 3989 vorle,
892 3933 958 3981 non
982 3915 1102 3980 bache
1117 3913 1186 3977 iore
1202 3910 1295 3975 nolio

128 4024 271 4090 solorre
292 4042 314 4087 ο
336 4025 471 4087 eredere
492 4025 554 4087 cire
577 4025 588 4087 i
611 4025 704 4105 eorpi
728 4023 761 4086 di
784 4024 1005 4105 qoaisivogiin
1023 4022 1129 4104 figora
1151 4038 1172 4085 e
1193 4036 1295 4104 gran·

127 4130 227 4196 hm
246 4131 320 4195 tatii
336 4131 370 4195 di
388 4133 528 4194 materia
540 4128 599 4212 piri
616 4148 719 4213 grave
734 4131 919 4213 deii’noqoa
934 4147 1075 4213 possano
1093 4129 1295 4212 galiegginre

127 4254 221 4304 eone
255 4239 302 4322 gii
337 4238 415 4321 agni
451 4238 555 4302 sottiii
577 4239 634 4301 oi
657 4238 790 4318 piooioii
826 4238 962 4320 giobetti
989 4238 1025 4301 di
1053 4238 1196 4319 piombo.
1218 4237 1295 4302 Aila

128 4344 208 4412 inno.
231 4348 289 4423 ⁴3,
312 4347 357 4411 56
380 4365 400 4411 e
422 4348 477 4423 62,
499 4364 566 4411 non
598 4347 626 4410 si
661 4354 758 4411 trove
787 4365 869 4431 pure
895 4365 963 4411 una
988 4348 1103 4429 peroio
1127 4352 1296 4412 attoriense

130 4461 292 4537 nonesto
315 4457 493 4538 moposito.
517 4451 1294 4539 Auammosnmo‘epmnteuieou,
